5284 7042
1422 717 1462 778 46

598 897 714 972 sitm)
737 897 800 958 sio:
824 898 965 974 Repionis
986 899 1170 974 Decapollos
1182 897 1261 977 fines
1284 898 1347 955 siae
1369 896 1569 956 extremitates
1590 905 1660 956 sunt
1679 917 1763 955 more
1784 897 1822 956 ab
1842 897 1974 970 armate,
1999 904 2027 955 et
2048 895 2142 954 Sidon
2164 915 2273 970 monna

599 1016 637 1072 ab
671 1015 827 1076 occidente.
871 1009 915 1074 Et
944 1009 1004 1074 hoe
1028 1023 1079 1076 est
1107 1009 1243 1074 latitudo
1272 1010 1351 1073 eius.
1393 1014 1434 1070 la
1454 1013 1636 1088 loupitadiae
1665 1032 1737 1070 uero
1754 1013 1949 1088 protenditur
1968 1032 1990 1070 a
2011 1011 2133 1070 ciuitate
2153 1011 2275 1069 toberin·

600 1131 686 1190 densi
707 1139 734 1187 et
756 1139 815 1188 toto
836 1131 935 1188 littore
956 1130 1121 1206 aquilonali
1141 1129 1234 1188 muris
1258 1128 1374 1188 Galilee
1395 1149 1486 1206 usque
1507 1129 1539 1187 in
1561 1129 1750 1188 Damascum.
1793 1123 1839 1188 Et
1859 1123 1979 1189 diutur
1998 1121 2179 1208 Decapolis
2199 1143 2220 1186 a
2241 1121 2276 1186 X

601 1241 787 1306 cimtatibus
816 1240 1053 1328 principalibus
1082 1241 1116 1305 in
1142 1263 1181 1304 ea
1207 1241 1287 1304 sitis.
1332 1240 1404 1321 Qua
1424 1241 1584 1316 snut²⁸²):
1613 1238 1778 1320 Tiberias,
1810 1238 1950 1326 Sephet,
1973 1238 2078 1305 Oedes
2101 1236 2275 1324 Neptalim,

599 1357 695 1440 Asor,
719 1357 861 1422 Cesarea
876 1355 1030 1442 Philippi,
1054 1355 1284 1443 capharnaum
1307 1359 1414 1443 [quam
1427 1355 1588 1442 Iosephus
1602 1355 1719 1421 Iuliam
1740 1353 1885 1441 appellat
1904 1355 1974 1436 ²⁸³),
1995 1355 2155 1440 lotapata,
2177 1351 2274 1420 Beth·

602 1472 707 1558 sayda
717 1523 725 1554 ,
746 1472 965 1558 Corrozaym,
986 1471 1139 1553 Bethsan,
1163 1493 1224 1558 que
1245 1473 1347 1536 eciam
1369 1469 1576 1558 Scythopolis
1598 1470 1777 1537 dicebatur.
1821 1471 1904 1536 Sunt
1923 1481 2034 1535 tamen
2053 1471 2088 1534 in
2109 1491 2149 1533 ea
2168 1467 2275 1532 adhuc

601 1589 710 1674 plures
732 1587 794 1653 alie
815 1599 924 1675 preter
945 1589 1034 1652 istas.

726 1705 789 1769 Hic
817 1715 892 1770 nota
913 1714 1037 1786 tamen,
1066 1703 1152 1790 quod
1181 1702 1406 1768 nichilominus
1431 1712 1521 1766 terra
1547 1703 1611 1767 ista
1637 1701 1776 1766 diuersis
1796 1699 1979 1766 nominibus
2002 1699 2108 1764 adhuc
2130 1697 2273 1786 appella·

602 1831 661 1884 tur.
703 1820 833 1886 Dicitur
854 1820 949 1900 enim,
970 1829 1005 1884 ut
1028 1842 1127 1906 supra
1147 1819 1268 1884 dietum
1290 1819 1418 1898 estw),
1438 1839 1525 1882 nunc
1544 1818 1678 1898 Yturea,
1699 1839 1785 1882 nunc
1800 1815 1995 1899 Tracouitis,
2016 1839 2102 1880 mmc
2118 1815 2273 1902 planicies

600 1935 730 2016 Libani,
750 1958 835 2000 nunc
855 1945 943 2000 terra
963 1933 1055 2000 Roob
1064 1941 1100 2016 ¹),
1122 1957 1206 1999 nunc
1229 1932 1349 2014 Kabul,
1370 1955 1456 1997 nnnc
1478 1932 1606 1998 Galilea
1625 1935 1784 2018 gencium,
1804 1955 1889 1997 nunc
1911 1931 2040 1997 Galilea
2061 1933 2221 2019 superior,
2244 1938 2274 1992 st

602 2065 650 2117 est
672 2073 799 2139 semper
820 2051 931 2116 eadem
956 2051 1061 2135 regio,
1089 2049 1164 2113 licet
1185 2047 1324 2114 diuersis
1352 2049 1538 2114 nominibus
1556 2048 1752 2136 appelletur,
1781 2061 1813 2112 et
1839 2072 1903 2114 uon
1924 2049 2065 2113 continet
2084 2046 2184 2112 multo
2205 2067 2273 2110 am·

602 2169 732 2254 ptiust),
754 2189 849 2252 (luam
870 2165 990 2230 dietam
1012 2177 1044 2230 et
1066 2165 1233 2232 dimidiam
1255 2169 1289 2230 iu
1310 2165 1442 2250 longum
1463 2178 1495 2229 et
1515 2167 1549 2228 in
1569 2164 1680 2245 latum,
1701 2187 1805 2251 neque
1825 2164 1954 2230 uidetur
1976 2165 2071 2246 mihi,
2098 2163 2186 2252 quod
2206 2162 2272 2229 lon·

601 2283 713 2370 gitudo
744 2281 881 2346 excedat
908 2280 1125 2362 latitudinem,
1153 2281 1217 2344 nisi
1241 2281 1323 2345 forte
1348 2281 1383 2344 in
1404 2280 1532 2345 modIoa
1549 2283 1738 2366 quantitate.
1780 2280 1861 2345 Post
1885 2282 2085 2346 territorium
2104 2289 2212 2343 autem
2232 2278 2271 2342 si·

603 2401 773 2476 donense0)
802 2410 833 2462 et
853 2408 1007 2464 montana
1024 2398 1110 2460 inter
1136 2419 1195 2460 nos
1224 2407 1256 2460 et
1277 2395 1492 2477 Sarracenos,
1520 2397 1575 2483 qui
1594 2397 1768 2463 Bacharite
1796 2398 1945 2462 dicuntur
1972 2409 2005 2460 et
2026 2397 2166 2460 Passum
2184 2395 2274 2459 caum

602 2515 785 2580 inhabitant
792 2564 800 2594 ,
829 2535 929 2600 usque
950 2513 1096 2578 Beritum
1121 2523 1169 2576 est
1191 2513 1323 2599 proprie
1346 2512 1468 2576 Yturea
1493 2513 1584 2598 regio
1607 2516 1641 2577 iu
1662 2512 1763 2596 ualle,
1794 2535 1857 2600 que
1883 2511 2002 2576 dicitur
2022 2511 2215 2592 Bararus,
2243 2520 2276 2574 et

604 2632 682 2719 qnia
704 2629 746 2693 ad
768 2629 895 2694 radices
917 2629 1037 2694 Libani
1060 2627 1245 2692 extenditur
1264 2630 1299 2692 in
1318 2628 1460 2712 longum,
1484 2634 1580 2689 saltas
1601 2633 1711 2690 Libani
1731 2629 1924 2716 appellatur.

569 2741 585 2794 ⁶
728 2746 779 2810 De
802 2744 977 2810 Tiberiade
1005 2743 1169 2809 redeundo
1198 2755 1311 2810 contra
1340 2743 1538 2808 occidentem
1565 2741 1610 2807 ud
1636 2767 1696 2808 aex
1716 2744 1841 2826 leucas,
1874 2743 1915 2808 de
1943 2743 2058 2810 Obana
2078 2740 2204 2806 Galilee
2232 2741 2274 2804 ad

604 2861 685 2926 duas
708 2862 817 2926 leucas
839 2871 952 2926 eontra
973 2871 1119 2926 austrum
1140 2869 1189 2924 est
1211 2861 1418 2940 aprorum)
1442 2858 1574 2945 opidum
1596 2871 1627 2922 et
1648 2870 1791 2925 castrum
1813 2859 1956 2946 desuper
1974 2857 2072 2923 ualde
2092 2857 2273 2944 pulchrum,

604 2978 644 3042 de
666 2999 729 3064 quo
750 2976 981 3057 Ioachim²”⁷),
1000 2989 1092 3062 pater
1115 2975 1208 3040 beate
1230 2977 1378 3060 uirginis,
1398 2975 1517 3040 dicitur
1539 2974 1693 3040 oriundus
1714 2976 1822 3040 fluisse.
1864 2973 1908 3037 Et
1928 2978 2032 3039 estin
2050 2973 2169 3051 tribul)
2190 2971 2273 3036 Aser

601 3093 693 3157 iuxta
716 3091 831 3156 uellem
855 3091 1148 3170 camelianum).

572 3227 586 3276 t
728 3209 781 3275 De
803 3208 982 3294 Sephoraf)
1007 3206 1049 3272 ad
1072 3207 1152 3272 duas
1175 3205 1283 3272 leucas
1307 3217 1419 3271 contra
1440 3216 1584 3271 austrum
1605 3207 1683 3288 iere,
1706 3207 1868 3272 modicum
1890 3205 2083 3270 declinando
2105 3204 2148 3268 ad
2170 3206 2272 3270 orien-

605 3335 679 3404 tem,
702 3335 750 3388 est
770 3325 1009 3404 namnum),
1041 3324 1155 3387 ciuitas
1179 3321 1304 3386 Galilce
1321 3321 1379 3386 illa
1399 3321 1586 3404 benedicta,
1609 3323 1643 3385 in
1665 3345 1729 3410 qua
1751 3324 1867 3408 „uirga
1888 3319 1930 3385 de
1951 3320 2061 3386 radice
2082 3321 2274 3394 Yesse“²⁹⁰)

605 3439 692 3502 lacta
723 3437 766 3502 nd
796 3461 868 3502 eam
890 3437 1038 3524 angelica
1062 3437 1255 3502 salutatIone
1278 3437 1317 3502 de
1342 3437 1465 3524 Spiritu
1489 3439 1609 3502 Sancto
1631 3439 1779 3525 concepit
1800 3441 1922 3502 uentris
1943 3441 2098 3520 fructum,
2127 3435 2276 3502 benedic·

671 3637 699 3705 a)
720 3633 803 3688 Roob
822 3633 861 3690 st.
879 3635 961 3688 Roob
979 3633 1005 3689 h.
1024 3665 1057 3676 —
1075 3634 1104 3694 b)
1123 3633 1243 3704 amplius
1261 3633 1317 3687 uisi
1334 3651 1412 3700 quam
1430 3631 1472 3689 St.
1489 3664 1523 3674 -
1542 3637 1569 3700 c)
1587 3653 1621 3688 ac
1637 3637 1758 3704 cydonea
1775 3633 1814 3691 St
1837 3667 1866 3678 -
1884 3636 1913 3701 d)
1932 3637 2003 3690 iuter
2019 3639 2068 3706 loy
2084 3652 2160 3690 arser
2177 3637 2217 3692 St
2233 3639 2273 3691 ia-

739 3725 780 3770 ter
797 3718 830 3786 lp
848 3734 922 3771 asser
940 3717 966 3773 h.
985 3749 1016 3760 —
1033 3722 1059 3785 e)
1078 3718 1218 3772 camelam
1237 3716 1298 3773 Sth
1325 3716 1403 3785 -1)
1421 3718 1538 3788 emulare
1557 3717 1597 3772 St.

604 3925 712 3963 nomen
734 3905 915 3984 patriarchae
936 3904 1151 3985 Hierosolymis
1173 3905 1321 3966 sedentis?
1341 3905 1418 3964 Vivo
1461 3925 1480 3964 a
1506 3908 1638 3983 margine
1663 3908 1777 3988 irrepsit
1785 3934 1792 3986 ;
1824 3909 2010 3969 Burchardus
2036 3907 2092 3968 hnc
2119 3909 2208 3988 culpa
2229 3929 2276 3966 ra·

604 4005 691 4080 igitur
711 4003 821 4063 Iacobo
844 4003 882 4062 de
903 4003 1032 4062 Vitriaeo
1059 4025 1118 4064 uon
1142 4007 1256 4084 scripsit
1277 4005 1419 4064 Burchar-
1462 4025 1533 4063 cuns
1554 4013 1607 4072 est.
1650 4003 1747 4079 Quam
1768 4008 1873 4066 iniuria
1894 4009 1921 4068 ci
1942 4011 2066 4087 imputat
2080 4007 2277 4070 Robinsonus.

603 4101 668 4162 dos.
703 4101 763 4161 Sed
784 4101 862 4161 idem
884 4104 916 4176 si,
935 4101 1013 4184 quod
1036 4123 1101 4162 eum
1124 4103 1227 4164 fecisse
1249 4124 1419 4184 persuasum
1461 4103 1581 4162 Minime
1608 4105 1685 4162 enim
1707 4105 1907 4176 Burchardus,
1937 4109 1987 4185 qui
2007 4105 2035 4167 h.
2058 4107 2077 4167 l.
2104 4127 2210 4168 novem
2232 4127 2277 4166 ur·

604 4200 759 4272 babemus,
786 4203 901 4281 scripsit
929 4204 1005 4261 circa
1027 4223 1135 4260 aunum
1162 4206 1252 4270 1283,
1280 4205 1297 4262 i.
1321 4223 1346 4262 e.
1369 4224 1419 4262 au·
1461 4201 1513 4261 bes
1535 4200 1768 4262 cisiordanenses
1787 4215 2007 4276 commemorat,
2034 4203 2177 4266 decimam
2197 4217 2278 4267 nans

603 4319 657 4358 nos
680 4306 717 4360 43
740 4310 809 4380 post
830 4300 941 4360 obitum
960 4300 1061 4361 Iacobi
1083 4300 1120 4360 de
1143 4299 1287 4374 Vitriaco,
1308 4303 1358 4381 qui
1377 4303 1419 4360 iu·
1461 4299 1618 4360 Iordanem
1647 4304 1772 4382 positam
1794 4305 1920 4382 putarit,
1948 4305 2031 4384 quasi
2058 4306 2183 4364 nesciret
2203 4303 2277 4364 duas

609 4398 679 4457 cidit
709 4401 738 4457 iu
766 4419 875 4458 annum
902 4405 993 4472 1240,
1025 4421 1084 4458 uon
1114 4411 1158 4459 est
1185 4400 1264 4480 quod
1286 4403 1422 4460 miremur
1462 4398 1552 4456 fuisse
1575 4399 1706 4460 eiusdem
1729 4403 1853 4462 numiuis
1875 4402 1971 4474 urbes,
1993 4403 2046 4462 sed
2067 4403 2200 4464 librarius
2222 4417 2277 4474 est

604 4519 671 4558 eum
705 4517 773 4556 casu
809 4498 923 4576 lapsum
953 4501 1063 4558 auctori
1095 4520 1148 4558 suo
1175 4499 1330 4571 honorem,
1363 4520 1420 4578 quo
1463 4497 1512 4574 qui
1534 4495 1644 4576 duplici
1665 4500 1765 4580 lapsus
1787 4521 1884 4560 errore
1905 4512 1934 4560 ot
1953 4502 2083 4578 glossam
2104 4521 2158 4581 per
2178 4523 2211 4562 aa
2224 4503 2277 4563 fal·

604 4616 754 4676 nunquam
777 4596 892 4655 furnctus
914 4607 990 4670 erat,
1017 4597 1183 4658 attribuere.
1226 4598 1362 4678 Denique
1384 4599 1421 4657 cf.
1463 4615 1526 4654 sam
1547 4597 1622 4666 iecit,
1641 4601 1764 4658 etialso
1786 4599 1909 4658 eandem
1929 4600 1994 4658 loco
2015 4599 2180 4660 inculcavit

604 4715 680 4774 quae
703 4695 778 4753 inira
799 4695 838 4754 ad
861 4695 951 4756 VIII.
975 4705 991 4756 4
1014 4698 1228 4756 annotavimus.
1525 4718 1597 4789 284)
1619 4723 1651 4772 m
1672 4735 1767 4790 supra
1789 4713 1898 4772 dietum
1920 4714 1972 4789 est]
1994 4713 2049 4773 IV.
2077 4721 2120 4777 19.

668 4797 738 4866 281)
760 4795 792 4852 in
815 4794 890 4852 libro
917 4815 970 4852 suo
991 4815 1072 4872 quem
1095 4828 1135 4838 -
1149 4795 1240 4870 fecit]
1270 4795 1307 4852 V.
1329 4793 1422 4856 Gesta
1527 4832 1598 4901 285)

604 4891 783 5005 limnffflum
805 4914 833 4972 P·
856 4898 944 5006 '¹⁰74'
987 4892 1420 5008 1³⁰⁰bi·deviffl'³⁰⁰ffi⁸t⁰'
1460 4927 1609 5006 planicies,
1631 4927 1725 4989 vallis.
1758 4927 1910 4987 El-Balsar
1929 4940 1975 4988 est
1994 4929 2090 4988 insula
2104 4950 2196 5010 propo
2213 4930 2280 4990 Tri·

604 4991 1172 5052 namiherosolimitanamabbrematam
1186 5001 1280 5071 capite
1290 4992 1419 5053 XLVII.
1459 5026 1563 5105 polim:
1581 5047 1609 5085 v.
1630 5027 1725 5086 Emer
1743 5026 1837 5086 XVII
1858 5029 1910 5098 (1)Ι
1932 5031 1999 5088 619.

669 5092 739 5161 282)
773 5091 837 5154 Qus
867 5091 943 5165 sunt]
982 5089 1154 5170 Scythopoli
1189 5101 1312 5172 excepta
1345 5095 1418 5153 alias
1941 5103 1946 5111 '

605 5188 694 5269 plane
714 5187 799 5246 urbes
827 5200 1035 5248 commemorat
1055 5189 1168 5248 Plinius
1189 5190 1229 5250 H.
1252 5192 1288 5252 N.
1311 5191 1349 5250 V.
1375 5197 1420 5252 18.

605 5287 642 5346 V.
665 5308 693 5346 v.
717 5287 844 5345 Raumer
865 5309 893 5366 p.
917 5291 984 5348 212.
1019 5289 1164 5367 Imprimis
1187 5300 1284 5348 autem
1307 5292 1345 5350 cf.
1363 5291 1422 5349 Ro·

605 5385 762 5445 binsonum
785 5385 849 5444 Pal.
864 5387 920 5445 III.
946 5391 1003 5447 586
1027 5395 1098 5446 nota
1115 5388 1147 5446 II
1168 5388 1246 5447 huno
1261 5388 1422 5448 Burchardi

606 5484 703 5543 locum
726 5483 928 5562 explicantem.

670 5585 741 5654 283)
766 5581 988 5660 capharnaum,
1009 5605 1095 5661 quam
1118 5586 1260 5660 Jogeppug
1276 5587 1423 5644 Juliadem
1529 5573 1601 5644 288)
1623 5571 1729 5628 uallem
1752 5569 1928 5645 Carmelion]
1951 5569 2097 5630 Planities
2119 5569 2283 5629 etBsttauf

1619 4849 1673 4906 que
1696 4830 1807 4888 dicitur
1827 4829 1942 4904 Bular]
1973 4849 2050 4889 nune
2071 4829 2183 4890 Bchiia
2208 4832 2229 4892 i.
2250 4853 2276 4892 e.

1523 5145 1594 5213 286)
1617 5141 1760 5218 Sephorn]
1778 5141 1941 5220 Sepphoris
1960 5142 2088 5222 critique,
2110 5162 2211 5202 recens
2226 5141 2276 5201 Se-

1462 5239 1571 5298 firrieh:
1593 5263 1621 5302 r.
1642 5241 1795 5300 Robinson
1815 5241 1877 5298 Pul.
1900 5241 1958 5300 111.
1982 5245 2040 5302 440
2062 5261 2135 5321 sqq„
2156 5261 2183 5298 v.
2200 5241 2278 5299 Rau-

1463 5359 1526 5398 mer
1546 5361 1575 5419 p.
1601 5343 1666 5400 123.

1527 5458 1598 5528 287)
1620 5453 1759 5528 [oachim]
1783 5451 1830 5512 cf.
1854 5453 2006 5514 Robinson
2025 5453 2091 5513 Pal.
2112 5453 2170 5513 111.
2192 5459 2260 5514 441.

606 5681 749 5758 appellnt]
779 5680 923 5760 Iosephus
951 5685 1021 5745 Ant.
1044 5683 1164 5743 XVIII.
1188 5688 1221 5754 2,
1246 5690 1258 5745 1
1285 5686 1422 5743 Bellissi-
1464 5668 1492 5727 h·
1514 5669 1532 5729 Ῑ-
1557 5667 1613 5726 diei
1635 5667 1760 5728 Videtur·

606 5785 674 5840 dam
695 5778 840 5839 Iuliadem
863 5779 1006 5859 appellat,
1040 5803 1099 5840 uon
1121 5781 1316 5861 Caperuuum.
1362 5783 1422 5842 Sed
1526 5787 1597 5858 288)
1616 5785 1779 5860 Nazareth]
1799 5803 1877 5842 nunc
1893 5783 2084 5842 en·Nasirah.
2104 5783 2140 5848 V.
2159 5805 2187 5845 v.
2203 5782 2281 5842 Ilou-

605 5879 710 5940 verba:
733 5897 836 5954 „quam
858 5880 1000 5954 Iosephus
1020 5883 1130 5938 Iuliam
1151 5883 1301 5957 appellat“
1322 5883 1423 5959 glossa
1463 5903 1526 5942 mer
1546 5904 1576 5961 p.
1601 5888 1655 5943 118
1679 5903 1740 5963 sqq.

606 5989 681 6053 sunt,
703 5997 778 6059 quaa
801 5977 830 6035 in
853 5977 949 6049 alium,
973 5987 1060 6056 atque
1082 5979 1142 6038 fieri
1166 5979 1302 6053 debebat,
1325 5981 1421 6040 locum
1526 5985 1597 6051 290)
1619 5985 1654 6040 de
1675 5983 1779 6039 radice
1807 5979 1901 6054 I'esse]
1926 5978 1962 6040 V.
1979 5979 2095 6040 Iesaiae
2114 5981 2137 6038 I.
2165 5987 2190 6042 l.
