5284 7042
1404 705 1445 768 20

592 891 674 964 tem,
703 882 888 970 Cyreneum
912 879 1076 946 Simonem
1105 880 1351 963 succedentem,
1382 881 1417 945 in
1438 879 1594 948 Caluaria
1627 903 1687 968 pro
1710 880 1805 946 nobis
1827 882 1984 968 mysteria
2005 882 2169 969 passionis
2190 881 2273 948 cele·

593 997 749 1063 brantem.
784 999 911 1064 Horum
934 999 1077 1062 omnium
1099 997 1244 1064 locorum
1266 1005 1299 1062 et
1320 995 1522 1082 singulorum
1542 995 1650 1063 adbuc
1664 999 1710 1062 ita
1731 995 1828 1083 plena
1849 1006 1881 1061 et
1900 997 2073 1062 manifesta
2086 1010 2195 1064 exstat
2208 1021 2272 1064 rne-

560 1139 573 1185 ῑ
594 1115 715 1196 moria,
746 1115 828 1178 sicut
849 1114 883 1178 in
903 1112 958 1178 illo
980 1111 1032 1176 die
1053 1113 1194 1194 exstitit,
1215 1111 1345 1200 quando
1368 1110 1613 1198 presencialiter
1634 1122 1727 1178 erant
1748 1113 1843 1178 sacta.
1886 1110 1983 1178 Certe
2003 1111 2037 1178 in
2058 1112 2122 1178 hae
2143 1115 2273 1180 ciuitate

593 1239 639 1293 tot
668 1240 740 1294 sunt
771 1229 932 1295 dominice
955 1228 1116 1314 passionis
1148 1233 1231 1294 actis
1260 1237 1292 1293 et
1315 1229 1468 1303 sanetis·)
1484 1231 1508 1305 ³)
1537 1227 1610 1292 loca
1630 1229 1790 1314 insignia,
1819 1227 1906 1314 quod
1927 1225 2015 1294 nullo
2036 1229 2133 1294 modo
2154 1230 2274 1296 sufficit

559 1359 573 1410 8
593 1344 665 1408 dies
689 1344 732 1408 ad
754 1345 883 1432 singula
905 1343 1025 1408 utiliter
1046 1341 1283 1428 perlustranda.
1327 1343 1410 1408 Sunt
1430 1352 1580 1430 preterea
1602 1343 1759 1431 quedam,
1787 1365 1849 1430 que
1875 1345 1909 1408 in
1934 1342 2015 1409 locis
2045 1343 2110 1409 illis
2130 1343 2273 1410 denotio-

559 1471 574 1520 9
593 1483 665 1524 nem
689 1470 831 1546 augeant
850 1459 1048 1546 ampliorem.
1093 1457 1175 1537 Quis
1195 1461 1281 1524 enim
1304 1480 1459 1524 enarrare
1481 1457 1639 1539 sufficiat,
1667 1469 1746 1546 quot
1766 1457 1932 1539 monachi,
1953 1471 2031 1545 quot
2051 1460 2211 1526 moniales
2229 1459 2271 1526 de

592 1575 749 1662 Georgia,
769 1575 926 1640 Armenia
948 1575 1071 1638 maiore
1093 1587 1124 1637 et
1143 1573 1278 1656 minore,
1297 1573 1455 1656 Obsides,
1475 1573 1584 1660 Syria,
1605 1573 1726 1656 Media,
1749 1574 1873 1656 Persia,
1895 1574 1999 1657 India,
2021 1574 2187 1662 Ethiopia,
2209 1575 2273 1642 liu·

593 1691 659 1774 bia,
682 1691 950 1772 Nabateniabm),
970 1688 1141 1770 Maronite,
1162 1688 1317 1772 Iacobite,
1340 1689 1537 1770 Nestoriani,
1561 1688 1671 1771 Greci,
1693 1689 1772 1776 Syri
1793 1688 1977 1754 etaliarnm
1991 1692 2167 1773 nationum,
2187 1713 2273 1758 nnnc

592 1810 757 1872 turmatim
781 1808 924 1887 centeni,
947 1805 1136 1886 ducentem,
1166 1803 1238 1890 plus
1261 1815 1293 1870 et
1315 1806 1439 1885 minus,
1460 1803 1680 1870 discurrentes
1700 1827 1759 1890 per
1779 1803 1852 1869 loca
1874 1805 2004 1891 singula
2023 1807 2057 1870 in
2079 1807 2197 1894 spiritu
2218 1829 2271 1872 re·

593 1924 734 1989 hementi
758 1923 944 1989 osculantur
965 1935 1095 2004 terram,
1116 1932 1314 1985 uenerantur
1335 1919 1418 2001 loca,
1439 1920 1474 1983 in
1495 1917 1613 2006 quibus
1633 1919 1759 1984 dulcem
1778 1919 1906 1984 Ibesnm
1923 1921 2057 2004 sedisse,
2079 1922 2207 1988 stetisse
2220 1920 2273 1988 nel

544 2051 573 2100 lo
590 2040 707 2105 fecisse
730 2040 900 2126 quippiam
922 2037 1030 2124 operis
1054 2035 1252 2101 audierunt?
1281 2035 1376 2100 Nunc
1396 2034 1568 2100 tundentes
1578 2041 1602 2113 e)
1625 2047 1755 2121 peetus,
1781 2057 1867 2100 nnnc
1886 2035 1990 2118 fletus,
2016 2058 2102 2102 nnnc
2123 2041 2273 2120 gemitus,

590 2177 677 2220 nunc
707 2155 849 2241 suspiria
878 2153 1059 2216 emittentes
1087 2163 1182 2237 gestu
1209 2153 1357 2238 corporis
1390 2161 1421 2215 et
1452 2149 1633 2216 denotionis
1644 2200 1654 2234 ,
1683 2173 1781 2240 quarn
1801 2151 1882 2216 foris
1901 2151 2077 2218 ostendunt
2096 2165 2129 2218 et
2149 2153 2272 2239 absque

542 2286 568 2336 11
591 2270 691 2335 dubio
719 2271 805 2334 intus
830 2251 966 2350 habent,
998 2269 1032 2331 in
1063 2266 1216 2331 lacrimas
1238 2281 1420 2353 prouocant
1441 2265 1617 2352 plerosque
1637 2267 1741 2331 eciam
1762 2267 1972 2333 Sarracenos.
2012 2267 2104 2356 Eya,
2131 2269 2272 2336 Domine

591 2385 694 2468 Deus,
714 2385 810 2451 uideo
833 2383 1008 2449 secundum
1031 2392 1158 2446 ueteres
1180 2382 1334 2448 historias
1354 2380 1523 2446 Abrabam
1544 2392 1683 2463 terram,
1712 2381 1841 2446 domurn
1872 2384 1975 2470 patris
1997 2394 2029 2448 et
2046 2387 2272 2471 cognationem

592 2501 884 2588 derelinquentem,
910 2499 953 2565 ad
974 2509 1094 2563 terram
1117 2498 1202 2563 hane
1228 2499 1455 2580 festinantem,
1476 2499 1561 2562 inter
1582 2496 1696 2562 Bethel
1717 2508 1749 2562 et
1771 2497 1882 2584 steyn
1904 2497 2150 2566 tabernaculum
2174 2501 2272 2587 ligen-

591 2631 674 2700 tem,
713 2619 747 2682 in
775 2617 927 2697 Geraris,
962 2613 1126 2680 Bersabee
1163 2627 1195 2679 et
1220 2613 1336 2680 Ebron
1368 2625 1635 2695 commorantem,
1668 2612 1762 2678 uideo
1794 2611 1998 2679 Ezechielem
2007 2618 2034 2692 ⁴)
2069 2615 2270 2682 deserentem

593 2731 730 2797 flumina
750 2731 932 2819 Babylonis
954 2743 995 2812 et,
1016 2737 1052 2794 ut
1072 2731 1182 2795 ueniat
1203 2733 1237 2795 in
1257 2729 1443 2811 Ierusalem,
1464 2731 1549 2794 inter
1570 2727 1675 2793 celum
1696 2739 1728 2794 et
1749 2742 1870 2794 terram
1891 2729 2010 2818 capillo
2030 2733 2148 2819 eapitis
2164 2745 2271 2820 porta·

542 2867 572 2916 12
592 2859 659 2912 tum
682 2847 758 2912 illuc
776 2847 1048 2912 transuolantem!
1073 2846 1161 2927 Quid
1183 2846 1292 2911 dicam
1313 2845 1355 2910 de
1376 2845 1504 2932 uirgine
1524 2844 1684 2931 gloriosa,
1713 2867 1791 2929 que,
1822 2859 1992 2933 postquam
2015 2848 2058 2913 ad
2080 2870 2152 2914 eam
2173 2873 2271 2937 ange

590 2963 654 3029 lica
675 2963 825 3028 salutatio
847 2964 934 3028 sacta
956 2972 1006 3029 est
1025 2971 1060 3028 et
1081 2963 1270 3050 promissio,
1301 2959 1378 3026 lieet
1405 2962 1503 3025 sciret
1523 2973 1650 3025 uterum
1671 2983 1763 3025 suum
1784 2960 2031 3028 tabernaculum
2052 2965 2117 3030 Dei
2138 2968 2267 3049 sactum,

590 3101 655 3144 non
677 3092 725 3144 est
744 3089 895 3144 contenta
917 3081 1074 3164 speciosis
1097 3089 1128 3144 et
1152 3077 1308 3164 speciosis
1330 3075 1568 3162 campestribus
1591 3074 1732 3160 Galilee,
1763 3074 1822 3141 sed
1843 3079 1952 3142 statim
1973 3101 2045 3143 reum
2065 3081 2269 3148 festinatione

541 3207 746 3269 lamentans
769 3195 869 3260 Iudee
900 3194 1104 3275 conscendit,
1137 3193 1248 3258 uolens
1279 3191 1361 3257 locis
1384 3190 1602 3256 sanctioribus
1620 3191 1868 3278 propinquare?
1900 3193 1988 3274 Quid
2015 3194 2056 3258 de
2081 3198 2269 3283 patriarcba

589 3310 689 3376 Iacob
712 3323 744 3375 et
763 3310 881 3396 loseph
902 3323 934 3374 et
953 3309 1110 3374 fratribus
1132 3309 1202 3373 eius
1223 3307 1350 3389 dicam,
1383 3307 1438 3393 qni
1466 3307 1544 3392 quia
1574 3307 1640 3372 uiui
1670 3308 1703 3371 in
1729 3322 1818 3372 terra
1844 3309 1908 3372 ista
1930 3332 2001 3374 esse
2022 3332 2088 3375 non
2108 3323 2268 3398 poterant,

540 3419 572 3536 ἒξ
590 3425 757 3510 elegerunt
777 3427 896 3489 mortui
918 3425 1074 3510 sepeliri?
1097 3425 1185 3504 Quid
1208 3423 1329 3510 plura?
1349 3424 1567 3508 ingemiscere
1590 3445 1760 3508 possumus
1781 3426 1884 3489 nostri
1906 3427 2062 3514 temporis
2083 3427 2269 3494 tarditatem

591 3539 705 3626 populi
729 3539 914 3618 christiani,
942 3543 996 3626 qui
1018 3549 1065 3605 tot
1085 3550 1117 3604 et
1137 3551 1227 3604 tanta
1247 3551 1410 3604 tantorum
1431 3536 1589 3603 habentes
1612 3537 1762 3624 exempla
1783 3537 1914 3604 tardant
1934 3541 1975 3604 de
1995 3543 2144 3608 manibus
2165 3545 2269 3612 inimi-

591 3677 701 3720 corum
723 3677 835 3720 eruere
857 3667 988 3737 terram,
1018 3677 1114 3742 quam
1136 3656 1340 3720 consecrauit
1362 3653 1427 3720 Suo
1449 3655 1606 3740 sanguine
1627 3652 1741 3718 lhcsus
1762 3652 1928 3738 Christus,
1958 3670 1990 3722 et
2016 3681 2111 3745 quam
2134 3661 2267 3726 cottidie

542 3787 572 3835 to
590 3785 745 3844 resonant
773 3769 908 3836 ecclesie
939 3773 1099 3838 uniuersa.
1140 3771 1212 3851 Que
1242 3773 1328 3836 enim
1349 3771 1431 3838 hora
1453 3770 1518 3834 diei
1539 3768 1591 3833 uel
1611 3769 1716 3834 noctis
1738 3791 1796 3856 per
1818 3779 1919 3835 totum
1940 3774 2018 3860 anni
2038 3773 2210 3858 cuculum,
2236 3779 2270 3844 in

594 3908 658 3974 qua
683 3909 747 3951 non
769 3885 892 3952 recolat
913 3887 1090 3970 cantando,
1119 3886 1274 3972 legendo,
1299 3886 1484 3974 psallendo,
1517 3884 1717 3972 predicando
1744 3896 1777 3948 et
1798 3884 1985 3952 meditando
2006 3890 2111 3956 omnis
2133 3891 2269 3960 deuotus

595 4001 801 4068 Christianus
823 4023 884 4086 qus
904 4003 992 4068 lacta
1013 4015 1087 4068 sunt
1109 4002 1161 4067 nel
1183 4003 1306 4088 scripta
1327 4003 1361 4066 in
1380 4000 1442 4066 hac
1461 4013 1551 4067 terra
1572 4012 1604 4066 et
1625 3999 1810 4065 ciuitatibus
1830 4010 1862 4066 et
1880 4001 1962 4067 locis
1984 4003 2113 4084 cius?⁰)

541 4180 571 4230 17
714 4151 834 4217 Uerum
867 4150 980 4216 uidens
1010 4150 1168 4236 quosdam
1191 4151 1277 4215 aflici
1298 4149 1461 4216 desiderio
1485 4173 1525 4214 ea
1547 4148 1660 4214 saltem
1692 4148 1876 4236 aliqualiter
1898 4153 2090 4238 imaginari,
2123 4179 2186 4244 que
2205 4181 2270 4225 non

592 4277 728 4355 possunt
749 4267 993 4354 presencialiter
1014 4267 1145 4349 intueri,
1176 4276 1209 4330 et
1236 4267 1371 4354 cupiens
1392 4288 1505 4332 eorum
1533 4265 1695 4330 desiderio
1722 4267 1927 4351 satisfacere,
1953 4279 2108 4356 quantum
2129 4295 2269 4359 possum,

591 4395 711 4448 terram
733 4385 850 4470 ipsam,
872 4405 969 4470 quam
991 4382 1130 4470 pedibus
1152 4383 1232 4448 meis
1255 4383 1375 4470 pluries
1396 4381 1603 4469 pertransini,
1625 4393 1780 4466 quantum
1802 4385 1902 4470 potui,
1924 4384 2138 4469 consideraui,
2162 4401 2193 4454 et
2213 4413 2269 4456 no·

589 4501 658 4565 taui
682 4499 871 4586 diligenter,
907 4509 938 4563 et
960 4499 1103 4564 studiose
1124 4497 1300 4585 descripsi,
1328 4499 1390 4564 hoo
1412 4497 1566 4563 lectorem
1589 4497 1673 4561 scire
1694 4497 1822 4580 uolens,
1852 4498 1938 4585 quod
1957 4499 2058 4566 nichil
2080 4504 2113 4568 in
2132 4505 2194 4570 hac
2216 4505 2270 4572 de·

590 4617 766 4701 scriptione
795 4615 905 4701 posui,
938 4615 1001 4678 nisi
1022 4614 1109 4700 qnod
1131 4613 1216 4692 uels)
1238 4615 1483 4701 presencialiter
1511 4615 1545 4678 in
1565 4612 1646 4678 locis
1666 4613 1746 4700 ipsis
1769 4615 1912 4678 existens
1934 4615 2019 4698 uidi,
2050 4617 2101 4684 uel
2125 4631 2214 4686 stans
2234 4623 2269 4687 in

589 4731 752 4796 montibus
774 4730 937 4817 aliquibus
960 4730 1012 4795 uel
1035 4733 1114 4798 locis
1137 4731 1209 4797 aliis
1231 4733 1417 4817 oportunis,
1445 4729 1501 4796 ubi
1524 4751 1692 4794 accessum
1714 4729 1834 4794 habere
1855 4751 1921 4795 non
1942 4737 2048 4817 potui,
2078 4757 2099 4799 a
2119 4736 2269 4820 Syriacis

591 4847 644 4912 uel
664 4869 683 4910 a
706 4846 896 4912 Sarracenis
919 4857 975 4912 aut
996 4847 1068 4912 aliis
1089 4857 1174 4912 terre
1194 4845 1433 4911 habitatoribus
1454 4844 1720 4930 diligentissime,
1744 4845 1830 4930 qnod
1854 4847 2039 4933 querebam,
2062 4851 2269 4938 interrogans

542 4983 572 5033 ts
592 4965 756 5028 annotaui.
803 4961 920 5028 Totam
946 4965 1030 5028 enim
1058 4972 1177 5026 terram
1199 4964 1305 5050 ipsam
1329 4985 1349 5027 a
1371 4962 1448 5027 Dan
1470 4983 1571 5047 usqne
1593 4960 1775 5044 Bersabee,
1809 4985 1829 5026 a
1851 4965 1935 5028 mari
1956 4975 2081 5032 mortno
2103 4968 2270 5054 usquead

656 5165 683 5228 a)
701 5161 837 5214 ‹lominirs
859 5161 1001 5229 passionis
1022 5167 1048 5213 et
1062 5161 1165 5215 sanctis
1185 5161 1223 5216 St.
1249 5191 1281 5200 -
1311 5160 1340 5229 b)
1359 5160 1488 5214 Nabania
1510 5156 1573 5214 Sth
1595 5158 1646 5213 Ed.
1665 5157 1735 5214 Van.
1761 5188 1792 5198 -·
1816 5160 1843 5231 c)
1861 5164 1982 5219 malent.
2000 5163 2064 5218 Sth
2085 5167 2201 5220 naam
2218 5165 2270 5220 Ed

726 5245 793 5299 Ven.
817 5273 847 5283 -
867 5245 895 5313 d)
914 5243 1058 5298 Danielem
1077 5243 1248 5298 Ezechielem
1261 5243 1299 5299 St.
1336 5241 1389 5298 Sed
1406 5243 1460 5296 vid.
1479 5241 1578 5298 Erech.
1596 5247 1625 5303 8,
1644 5245 1667 5296 3.
1689 5272 1717 5281 -
1745 5243 1771 5308 e)
1789 5241 1850 5298 Hoc
1869 5245 1931 5300 loco
1949 5245 1991 5302 St,
2010 5247 2088 5302 addit
2104 5247 2202 5304 verba:
2223 5249 2272 5304 tic

730 5330 865 5396 introduc,
883 5329 910 5383 b.
927 5345 950 5384 e.
968 5326 1083 5381 interius
1101 5327 1192 5396 incipe
1211 5343 1310 5382 novam
1329 5327 1429 5381 lineam
1448 5328 1596 5397 ingressus.
1632 5325 1712 5390 Quae
1729 5326 1814 5380 sorba
1827 5326 1954 5384 librarius
1965 5331 2117 5386 domnitam
2134 5349 2189 5388 non
2208 5349 2270 5389 exe

725 5419 827 5481 quntus
844 5419 900 5476 est,
923 5411 970 5466 sed
988 5429 1062 5466 mere
1078 5410 1230 5480 descripsit.
1246 5441 1279 5451 -
1298 5409 1321 5475 f>
1339 5411 1396 5466 arai
1411 5411 1457 5465 rtet
1472 5412 1549 5481 quod
1564 5410 1603 5466 St.

652 5604 682 5670 5)
710 5599 873 5656 dominicae
903 5600 979 5657 actis
1009 5610 1036 5660 et
1064 5599 1186 5674 sanctie]
1221 5597 1409 5660 Vocabulum
1452 5601 1555 5660 bemus
1583 5596 1819 5660 emendationem
1841 5603 2031 5674 Nadntenia,
2058 5624 2148 5682 quum
2170 5604 2271 5663 Nobe-

590 5700 665 5759 actr's
688 5717 704 5758 e
729 5697 895 5756 coniectura
916 5697 1098 5759 inseruimus.
1140 5697 1218 5760 Edit.
1238 5699 1409 5760 venetaba·
1450 5699 1504 5756 aia
1537 5698 1652 5774 legatur
1679 5707 1709 5757 et
1735 5700 1765 5756 in
1787 5699 1851 5759 cod.
1874 5700 1937 5772 St,
1965 5711 1994 5760 et
2019 5701 2050 5760 in
2072 5703 2118 5763 ed.
2141 5724 2207 5764 ven.
2228 5737 2271 5747 —-

591 5801 658 5858 bet:
694 5796 858 5856 dominicae
881 5798 1035 5871 passionis
1064 5801 1140 5858 netis
1164 5799 1313 5875 pestisque
1343 5801 1409 5858 loca
1449 5797 1624 5855 Nabataeis
1645 5808 1690 5856 est
1709 5798 1728 5858 i.
1749 5817 1778 5877 q.
1800 5800 1962 5860 Nabnteae.

590 5897 729 5974 iasipnia.
1514 5901 1544 5968 7)
1572 5897 1655 5971 Hoy]
1678 5897 1728 5956 Ar.
1772 5895 1820 5960 cf,
1842 5919 1870 5957 v.
1892 5897 2021 5960 Rsnmar
2040 5899 2109 5960 edit.
2132 5901 2177 5959 lll
2202 5901 2269 5963 Pal.

653 5999 682 6068 δ’)
706 5995 888 6069 Nabatenic]
911 5995 1007 6054 Amici
1023 5995 1173 6056 cniusdam
1188 5998 1343 6076 sagacitati
1359 5995 1408 6056 de·
1450 6017 1478 6076 p.
1506 5999 1570 6056 152.
