5284 7042
1413 718 1470 777 154

571 908 636 963 oet
656 919 776 963 uxores
797 918 926 975 eorum,
948 892 1070 959 scilicet
1089 893 1176 974 Eue,
1204 893 1303 973 Sere,
1334 890 1484 959 Rebecca
1506 904 1539 957 et
1556 892 1637 980 Lye.
1681 890 1788 979 Caput
1807 890 1880 957 Aule
1901 902 1950 956 est
1971 892 2057 957 intre
2077 914 2205 957 murum
2225 915 2276 957 ec·

572 1014 702 1086 relesie
730 1023 843 1077 contra
870 1009 987 1091 altere,
1015 1020 1047 1073 et
1073 1008 1207 1073 multum
1239 1006 1416 1073 honoratur
1445 1006 1685 1075 eSerreoenis.
1729 1007 1773 1072 Et
1793 1006 1840 1071 ibi
1861 1018 1911 1071 est
1931 1006 1965 1071 in
1985 1018 2080 1095 petra
2101 1010 2276 1095 scriptum:

572 1135 683 1206 3,,Ηίο
711 1134 788 1191 iacet
813 1137 904 1205 caput
930 1129 1019 1187 Ads.“
1067 1123 1175 1189 Extra
1203 1121 1373 1188 ecclesiam
1398 1124 1432 1187 in
1464 1126 1597 1202 carew)
1632 1146 1746 1189 versus
1775 1124 2024 1209 septentrionem
2060 1134 2109 1188 est
2135 1122 2278 1191 tumulus

558 1232 589 1349 ¹3
604 1242 724 1331 Ioseph
744 1242 868 1307 venditi
888 1244 924 1305 in
943 1240 1086 1326 Egypto.
1128 1238 1173 1303 Et
1193 1236 1327 1303 multum
1348 1236 1525 1305 honoretur
1546 1261 1568 1305 e
1588 1238 1787 1305 Sarracenis.
1829 1236 1883 1303 Ad
1911 1240 2030 1304 iectum
2052 1237 2170 1307 baliste
2190 1262 2211 1306 a
2232 1243 2279 1305 ci-

604 1362 706 1425 uitate
725 1370 774 1423 est
795 1358 917 1443 cripte,
941 1356 976 1419 in
996 1377 1061 1443 qua
1080 1353 1188 1419 Adam
1209 1376 1282 1418 cum
1303 1353 1377 1419 Eue
1397 1354 1537 1442 penituit
1558 1366 1685 1419 centum
1715 1355 1808 1419 anuis
1829 1364 1904 1441 post
1931 1364 2066 1421 mortem
2086 1355 2189 1439 Abel,
2216 1356 2279 1423 lilii

556 1499 586 1549 ῃ
606 1476 672 1557 sui,
704 1496 800 1561 quem
822 1472 917 1556 Ceyn
935 1468 1062 1536 occidit.
1103 1467 1232 1534 Deinde
1252 1468 1361 1535 Adam
1389 1471 1588 1536 conmonitus
1618 1470 1660 1535 eb
1684 1468 1799 1555 angelo
1829 1472 1980 1555 cognonit
1999 1468 2122 1557 Euem,
2150 1472 2279 1560 deque

557 1611 589 1662 12
606 1592 719 1677 genuit
738 1588 825 1655 Seth.
867 1585 997 1653 Deinde
1021 1584 1065 1649 ed
1085 1584 1167 1650 dnos
1186 1585 1292 1650 iactus
1311 1584 1431 1651 baliste
1453 1598 1502 1651 est
1514 1594 1591 1665 foer
1612 1590 1692 1649 beate
1713 1588 1858 1664 viminis,
1886 1584 1927 1651 de
1957 1608 2020 1675 quo
2047 1588 2121 1675 ipse
2142 1586 2226 1653 bibit
2245 1600 2280 1653 et

607 1705 689 1771 lauit
710 1726 835 1792 pennos
855 1702 915 1767 filii
936 1703 996 1766 sui.

576 1858 589 1908 1
733 1837 813 1922 Cep.
834 1834 952 1899 XLIII.
996 1831 1144 1899 Secundo
1164 1832 1305 1897 miliario
1327 1831 1369 1897 eb
1384 1830 1497 1897 Ebron
1518 1853 1632 1897 versus
1652 1831 1819 1899 meridiem
1841 1834 1875 1899 in
1895 1832 2001 1899 medio
2023 1836 2097 1919 egri
2117 1848 2166 1899 est
2182 1833 2281 1921 gleba

575 1952 711 2023 trubee
721 1954 779 2032 00),
810 1972 873 2038 que
899 1950 941 2015 eb
967 1948 1082 2015 incolis
1110 1948 1229 2013 foditur
1258 1960 1290 2013 ct
1315 1947 1505 2013 comeditur.
1547 1946 1619 2028 Que
1647 1970 1704 2035 per
1725 1948 1891 2035 Egyptum
1918 1948 2041 2015 venulis
2072 1958 2221 2035 portetur
2247 1958 2280 2014 et

577 2092 670 2158 apro
692 2066 861 2155 speciebus
883 2066 1060 2131 carissimis
1082 2066 1207 2129 emitur.
1251 2062 1295 2128 Ε)
1324 2074 1614 2151 quantumcumque
1645 2063 1809 2146 effoditur,
1838 2084 1916 2151 eger
1946 2065 2036 2129 finito
2057 2088 2141 2131 anno
2163 2068 2283 2131 reinte

611 2194 724 2271 gretes
746 2183 916 2268 reperitur.

579 2340 591 2391 1
734 2314 816 2401 Cep.
835 2310 956 2377 XLIV.
999 2309 1147 2376 Secundo
1167 2310 1306 2376 miliario
1328 2332 1441 2375 versus
1462 2308 1627 2375 Betlehem
1652 2310 1694 2375 ab
1716 2310 1829 2377 Ebron
1850 2323 1899 2377 est
1920 2312 2026 2395 locus,
2049 2311 2106 2377 vbi
2126 2312 2225 2378 lonas
2238 2314 2280 2391 00)

579 2451 595 2502 2
613 2430 774 2519 propheta
795 2427 956 2510 menebet,
977 2436 1148 2512 postquem
1168 2428 1257 2491 venit
1278 2426 1318 2491 de
1339 2426 1465 2505 Niniue.
1510 2426 1554 2491 Ε)
1574 2425 1621 2490 ibi
1640 2438 1784 2492 mortuus
1807 2438 1855 2493 est
1877 2436 1908 2493 et
1930 2426 2083 2516 sepultus.

581 2586 592 2637 1
737 2560 817 2647 Cep.
838 2558 939 2624 XLV.
982 2557 1131 2623 Secundo
1153 2557 1291 2623 miliario
1302 2559 1342 2635 00)
1371 2558 1412 2623 eb
1433 2556 1544 2623 Ebron
1566 2580 1679 2623 versus
1701 2556 1867 2623 meridiem
1889 2570 1937 2623 est
1958 2556 2065 2643 locus,
2094 2560 2150 2625 vbi
2172 2562 2278 2627 Abre-

612 2678 688 2743 hem
712 2676 817 2742 orauit
843 2696 903 2761 pro
925 2673 1027 2755 Loth,
1055 2672 1184 2761 qnando
1205 2674 1294 2737 venit
1314 2672 1354 2737 de
1379 2671 1496 2758 Segor,
1524 2694 1543 2736 e
1566 2673 1774 2739 subuersione
1803 2676 1944 2740 ciuitatis
1965 2674 2116 2763 precibus
2139 2678 2209 2743 eius
2230 2699 2279 2743 re·

579 2805 751 2859 tseruete.
791 2789 842 2855 Ibi
863 2790 956 2854 iuxta
978 2799 1026 2853 est
1047 2786 1148 2871 locus,
1169 2788 1226 2853 vbi
1242 2788 1335 2874 Ceyn
1356 2788 1474 2853 occidit
1494 2788 1626 2853 fretrem
1649 2812 1739 2853 suum
1760 2789 1843 2854 Abel
1867 2792 1898 2853 in
1920 2813 2033 2877 cempo
2056 2791 2149 2857 iuxte
2167 2816 2282 2879 agrurn

612 2910 861 2975 Demescenum.

582 3046 594 3097 t
738 3039 817 3125 Cep.
840 3035 960 3101 XLVI.
1003 3037 1110 3122 Supre
1130 3034 1242 3101 Ebron
1269 3037 1324 3100 vie
1345 3034 1449 3099 medie
1477 3034 1562 3100 diste
1584 3035 1626 3101 ed
1648 3037 1809 3103 desertum
1832 3040 1926 3102 Surie
1956 3036 2007 3102 vel
2029 3040 2131 3123 Sitis,
2162 3040 2195 3104 in
2217 3064 2281 3131 quo

613 3167 736 3242 regunt
750 3156 803 3231 ¹⁰⁰)
829 3152 975 3217 homines
995 3149 1179 3233 siluestres,
1209 3150 1332 3216 scilicet
1354 3149 1521 3215 Bedewini
1538 3154 1607 3229 000),
1639 3152 1775 3219 habetur
1806 3152 1941 3240 pulchre
1960 3156 2075 3220 ciuitas
2082 3204 2091 3237 ,
2123 3178 2208 3221 nunc
2229 3156 2284 3222 de·

581 3296 597 3347 2
616 3283 719 3353 serta,
746 3272 893 3332 Bersabee
913 3277 1046 3345 vocate,
1077 3288 1140 3351 qne
1161 3278 1210 3331 est
1228 3268 1362 3333 inicium
1381 3266 1479 3331 Iudee
1499 3288 1555 3331 seu
1577 3276 1661 3332 terre
1684 3270 1916 3357 promissionis.
1960 3270 2031 3335 Hoc
2052 3281 2122 3336 eret
2141 3270 2228 3338 hona
2248 3284 2281 3339 et

616 3383 804 3475 spectabilis
825 3382 937 3446 vltimo
958 3392 1104 3468 tempore
1126 3381 1394 3449 Christianorum.

583 3518 600 3636 Ξ
738 3516 769 3580 Α
789 3513 903 3579 Ebron
924 3514 1040 3601 incipit
1059 3512 1154 3577 vellis
1176 3517 1327 3595 Mambre,
1354 3536 1417 3603 que
1442 3515 1643 3603 protenditur
1671 3516 1738 3581 lere
1767 3539 1867 3605 vsque
1888 3516 2094 3584 Iberuselem.
2137 3521 2212 3587 Non
2233 3544 2282 3588 re·

616 3643 702 3699 mete
722 3630 764 3696 ab
785 3627 898 3695 Ebron
918 3638 969 3694 est
988 3651 1079 3694 mons
1100 3634 1251 3706 Mambre,
1278 3644 1309 3695 et
1337 3631 1370 3695 in
1398 3631 1471 3719 ipso
1500 3642 1606 3697 monte
1636 3642 1699 3697 stet
1725 3630 1840 3715 arbor,
1870 3632 1992 3699 scilieet
2020 3656 2158 3721 quercus
2181 3638 2285 3723 eride,

617 3770 679 3838 que
701 3746 743 3811 eb
764 3744 953 3831 antiquitate
974 3766 1034 3808 sua
1056 3744 1197 3831 speciale
1219 3744 1283 3810 sibi
1303 3767 1420 3812 nomen
1443 3749 1559 3813 meruit
1580 3746 1701 3812 hebere
1720 3750 1754 3812 in
1776 3750 1926 3813 uniuerso
1946 3749 2074 3829 mundo,
2098 3762 2129 3815 et
2148 3767 2285 3819 vocatur

584 3856 713 3972 {arhor
734 3866 823 3925 sicea.
868 3858 1039 3925 Serraceei
1062 3858 1173 3924 dicunt
1194 3882 1265 3925 eene
1286 3862 1435 3943 dirp102).
1478 3862 1549 3927 Hec
1573 3862 1714 3927 creditur
1738 3865 1864 3929 stetisse
1887 3886 1907 3929 e
1929 3874 2070 3951 tempore
2089 3866 2233 3951 Abrehe,
2254 3880 2286 3933 et

618 3978 748 4068 quidem
759 3978 813 4053 000)
835 3974 877 4041 ab
898 3974 994 4040 inicio
1016 3974 1139 4058 mundi,
1160 3977 1280 4061 virens,
1300 3976 1403 4043 donec
1425 3980 1587 4066 passionis
1610 3978 1731 4045 Christi
1751 3990 1895 4066 ternpore
1920 3982 2105 4046 siccaretur.

741 4092 822 4179 Cep.
843 4090 981 4155 XLVII.
1020 4090 1058 4155 In
1079 4090 1164 4155 valle
1180 4096 1315 4155 Mernbre
1337 4102 1386 4159 est
1404 4094 1503 4177 locus,
1525 4093 1581 4158 vbi
1599 4094 1766 4159 Abrehern
1787 4094 1903 4161 sedens
1924 4096 1958 4162 in
1980 4097 2061 4162 ostio
2084 4098 2286 4167 teberneeuli

617 4221 685 4277 tres
706 4208 789 4274 vidit
807 4216 840 4272 et
859 4229 959 4272 vnum
982 4205 1132 4272 adcreuit
1146 4208 1210 4283 ¹⁰⁴).

587 4344 599 4395 l
743 4324 822 4411 Cep.
842 4321 994 4390 XLVIII.
1035 4321 1116 4386 10Πο
1136 4320 1276 4387 miliario
1292 4324 1347 4401 ¹⁰⁵)
1376 4322 1416 4389 de
1436 4322 1636 4389 iherusalem
1657 4324 1711 4387 vie
1722 4372 1731 4407 ‚
1757 4346 1818 4409 que
1841 4326 1929 4391 ducit
1948 4326 2103 4415 Sychem,
2137 4340 2288 4395 estruem

586 4447 601 4497 ²
622 4443 731 4505 Getae
743 4441 799 4518 100)
817 4440 852 4503 in
872 4437 961 4503 tribu
977 4436 1169 4523 Reniemyu,
1190 4436 1384 4504 collateralis
1407 4460 1463 4503 seu
1484 4441 1653 4526 contiguus
1676 4442 1776 4506 monti
1799 4442 1982 4508 offensionis
1997 4446 2060 4525 000).
2102 4444 2147 4511 Ε)
2169 4446 2287 4513 diuidit

585 4568 674 4622 teos
695 4556 760 4636 vie,
781 4576 843 4641 que
863 4552 952 4618 ducit
970 4550 1011 4617 de
1031 4550 1116 4617 velle
1135 4552 1292 4639 Iosephat
1312 4555 1347 4619 in
1367 4553 1569 4619 Betheniem.
1612 4555 1656 4621 Et
1678 4556 1796 4621 dicitur
1824 4580 1904 4620 mons
1932 4564 2103 4639 offensionis
2132 4585 2169 4627 eo
2197 4564 2285 4653 quod

585 4686 679 4737 srex
700 4668 851 4736 Selemon
871 4670 981 4755 posuit
999 4668 1034 4731 iu
1055 4688 1093 4733 eo
1113 4664 1246 4755 ydolum
1266 4668 1413 4753 Moloch,
1442 4669 1582 4735 adurens
1602 4670 1691 4736 illud.
1730 4670 1774 4737 Et
1795 4694 1815 4737 a
1836 4673 2031 4760 quibusdam
2060 4688 2196 4743 vocetur
2221 4683 2285 4744 Ge·

619 4792 706 4867 litte,
732 4784 789 4850 vbi
811 4782 975 4865 Christus,
996 4804 1069 4847 cum
1092 4784 1287 4849 surrexisset
1308 4807 1328 4849 a
1349 4787 1502 4869 mortuis,
1532 4788 1684 4874 apperuit
1706 4788 1873 4875 discipulis
1894 4791 1988 4855 iuxta
2014 4790 2148 4857 verbum
2170 4794 2287 4881 angeli,

587 4900 841 4978 edicentis¹⁰⁸):
862 4904 1006 4961 Procedet
1028 4922 1079 4962 vos
1101 4902 1132 4962 in
1156 4902 1304 4963 Gallicum
1326 4910 1387 4965 etc.
1428 4899 1481 4965 Ex
1504 4904 1653 4990 opposito
1672 4906 1789 4969 montis
1811 4902 1901 4991 Syon
1923 4916 1971 4971 est
1992 4930 2100 4988 mons,
2122 4908 2178 4974 vbi
2197 4932 2282 4976 nunc

681 5106 733 5177 90)
754 5101 840 5163 000000·
884 5101 931 5163 Of·
952 5102 1104 5180 0000000080·
1474 5105 1740 5184 interpretationem
1753 5104 1956 5167 Meundevillii
1971 5128 2024 5170 ms.
2044 5108 2289 5188 hamburgensem

680 5240 732 5311 97)
756 5233 802 5297 cf.
823 5232 864 5294 Μ.
884 5231 1087 5293 Thietmurum
1108 5233 1148 5295 X.
1170 5239 1205 5295 16
1228 5252 1257 5313 p.
1280 5238 1328 5295 29,
1472 5224 1501 5282 p.
1523 5206 1568 5264 18.

892 5366 899 5379 1
1539 5304 1608 5375 103)
1629 5301 1720 5363 Liber
1746 5324 1798 5365 ms.
1828 5304 1917 5365 hebet
1945 5306 2072 5383 quidam.
2113 5306 2178 5367 Nec
2207 5306 2289 5367 suffi-

683 5370 735 5442 98)
756 5365 802 5426 01.
822 5364 975 5426 Robinson
995 5366 1112 5426 Neuere
1131 5364 1253 5425 Forsch.
1273 5387 1302 5445 p.
1324 5370 1391 5428 369.
1476 5402 1523 5473 cit,
1543 5401 1623 5481 quod
1644 5402 1802 5481 posuimus,
1824 5404 1946 5481 quidem·

684 5502 735 5571 99)
755 5498 855 5576 Neget
874 5497 961 5557 Titus
983 5496 1105 5560 'soblem
1542 5504 1610 5573 101)
1633 5498 1700 5559 Vid.
1721 5499 1762 5562 111,
1784 5502 1984 5563 Thietmerum
2004 5502 2044 5565 X.
2067 5508 2101 5565 21
2127 5524 2156 5584 p.
2178 5510 2225 5567 29.

688 5634 757 5704 100)
778 5630 797 5690 i,
819 5649 844 5690 Θ,
865 5639 976 5708 ,mm
996 5649 1019 5690 ,Ι
1036 5637 1191 5709 „gnum
1542 5602 1610 5711 105)
1640 5597 1777 5659 Secundo
1804 5600 1865 5661 mil.
1892 5602 1981 5663 hebet
2007 5600 2082 5661 liber
2112 5622 2178 5677 ms,
2209 5602 2289 5683 quod

1477 5715 1663 5757 correnmus.

687 5766 756 5832 ¹⁰¹)
778 5760 912 5822 B⁰d¹²i¹²i·
1541 5798 1609 5865 100)
1631 5796 1719 5857 Nune
1740 5798 1915 5859 Decdehu'e.

686 5895 756 5963 tot)
776 5892 991 5966 Meundeville‚
1023 5895 1073 5974 qui
1094 5893 1172 5953 hunc
1194 5892 1315 5953 Odorici
1337 5892 1434 5952 locum
1541 5898 1609 5968 107)
1631 5894 1770 5957 scandali.
1813 5896 1850 5963 V.
1872 5896 1966 5956 Ritter
1985 5896 2072 5959 XVI.
2095 5903 2163 5960 322.
2186 5902 2253 5961 325.

624 5995 813 6076 exscripsisse
835 5991 962 6065 ridetur,
990 5992 1078 6052 habet
1099 5994 1177 6069 drip.
1222 5991 1289 6053 Vid.
1312 5991 1434 6051 latinam
1539 5998 1607 6067 108)
1627 5992 1719 6053 Murci
1740 5994 1825 6061 XVI.
1851 6001 1876 6056 7.
