5284 7042
1374 616 1432 678 136

564 790 681 857 callide
703 790 850 879 prouidit
871 790 1047 877 dyabolus,
1074 800 1111 854 vt
1131 789 1196 872 illi,
1227 793 1283 877 qui
1304 791 1417 858 nolunt
1445 816 1504 879 per
1525 795 1613 859 viam
1636 794 1783 859 strictam
1803 792 1979 859 ascendere
2002 792 2046 857 ad
2066 790 2243 859 beatitudi-

563 930 653 989 nem,
675 910 842 995 perviam
864 907 994 993 largam
1014 905 1155 971 faciliter
1176 906 1410 973 descenderent
1432 908 1476 973 ad
1497 909 1688 995 gehennam.

834 1072 962 1137 XXXI.
1006 1070 1133 1151 QUOD
1155 1070 1249 1135 LEX
1271 1072 1635 1139 SARRAOENORUM
1655 1072 1740 1139 EST
1762 1070 1979 1139 CONFUSA.

532 1208 542 1256 ¹
688 1206 748 1271 Est
770 1205 944 1281 eciam201)
965 1203 1020 1268 lex
1042 1203 1297 1269 Sarracenorum
1318 1206 1469 1288 confusa,
1492 1208 1538 1271 ita
1562 1205 1649 1292 quod
1669 1204 1774 1269 nullus
1798 1214 1848 1269 est
1868 1206 1901 1269 in
1922 1203 2062 1286 mundo,
2093 1205 2148 1291 qui
2169 1226 2240 1269 eam

563 1322 606 1387 ad
628 1332 752 1387 certum
773 1321 919 1385 ordinem
940 1322 1044 1406 possit
1065 1318 1238 1402 reducere,
1260 1343 1324 1385 non
1347 1321 1390 1385 ad
1411 1320 1557 1385 ordinem
1578 1323 1733 1408 temporis
1755 1318 1807 1385 vel
1828 1320 1892 1386 loci
1903 1370 1912 1403 ‚
1935 1330 1970 1385 vt
1992 1318 2047 1385 alii
2070 1320 2239 1408 prophete,

564 1438 618 1522 qui
644 1436 922 1523 prophetauerunt
952 1435 1011 1499 teli
1039 1444 1183 1520 ternpore
1212 1435 1271 1499 sub
1305 1434 1426 1501 talibus
1454 1436 1585 1523 regibus
1611 1436 1662 1503 vel
1689 1439 1722 1501 in
1749 1436 1807 1502 tali
1827 1435 1914 1517 loco,
1942 1458 2001 1499 nec
2027 1436 2071 1501 ad
2094 1436 2240 1503 ordinem

529 1554 707 1634 emeterio,
729 1562 765 1616 ut
787 1552 842 1616 alii
862 1551 950 1615 libri.
993 1551 1076 1615 Nam
1099 1554 1147 1615 ita
1170 1560 1219 1615 est
1241 1552 1392 1633 confusa,
1415 1550 1500 1639 quod
1521 1550 1628 1617 nullus
1649 1564 1708 1631 est,
1730 1554 1784 1639 qui
1807 1553 1911 1639 possit
1932 1562 2053 1616 certem
2076 1554 2239 1621 racionem

529 1667 719 1751 ereddere,
751 1690 852 1751 quare
879 1667 967 1731 istud
993 1666 1169 1753 capitulum
1192 1666 1416 1753 precedat‘202)
1446 1667 1581 1734 alterum
1608 1668 1660 1733 vel
1690 1680 1852 1755 sequatur.
1894 1666 1938 1733 Et
1966 1666 2042 1733 inde
2063 1680 2127 1753 est,
2155 1668 2240 1757 quod

528 1801 545 1850 4
565 1783 701 1847 eandem
721 1783 890 1848 historiam
912 1806 972 1869 per
993 1784 1102 1848 omnia
1124 1786 1214 1869 ponit
1236 1781 1411 1869 aliquando
1434 1783 1600 1849 indecem
1622 1784 1702 1849 locis
1725 1782 1924 1873 etamplius.
1969 1783 2030 1849 Est
2049 1786 2150 1871 igitur
2165 1806 2239 1849 con·

531 1900 637 1963 tfusa
660 1900 788 1985 penitus
811 1901 880 1963 sinc
905 1899 1019 1963 ordine
1040 1898 1264 1985 capitulorum.
1306 1898 1369 1963 Est
1390 1901 1475 1965 enim
1497 1900 1631 1965 confusa
1651 1900 1685 1963 in
1708 1922 1767 1963 sua
1790 1900 1986 1981 confusione,
2007 1922 2082 1965 nam
2104 1902 2139 1964 in
2158 1900 2240 1965 veri·

563 2027 629 2081 tate
650 2016 801 2097 nescitur,
825 2015 903 2101 quid
924 2014 1089 2102 prohibet,
1121 2013 1216 2077 simul
1236 2016 1322 2078 enim
1345 2014 1468 2103 aliquid
1489 2015 1638 2101 prohibet
1662 2026 1693 2080 et
1715 2015 1879 2099 concedit,
1910 2016 1989 2081 dicit
2011 2016 2095 2081 enim
2117 2014 2159 2081 de
2181 2014 2239 2081 eli·

564 2153 626 2217 quo
647 2132 751 2216 grauI,
774 2130 860 2217 quod
881 2130 1045 2216 prohibet:
1072 2130 1142 2212 „Xe
1168 2130 1296 2194 faciatis
1319 2130 1383 2195 talc
1405 2130 1499 2217 quid,
1532 2132 1609 2217 quia
1631 2154 1650 2195 a
1673 2131 1811 2209 De0²⁰³)
1834 2130 2035 2218 prohibitum
2056 2141 2123 2213 est3
2152 2128 2239 2215 quod

565 2248 592 2311 si
613 2248 764 2329 feceritis,
787 2246 876 2311 Deus
899 2256 948 2310 est
968 2247 1153 2311 misericors
1176 2255 1208 2309 et
1230 2250 1401 2311 miserator
1424 2258 1455 2311 et
1476 2248 1576 2327 nouit,
1599 2250 1675 2334 quia
1697 2248 1773 2311 estis
1795 2246 1957 2332 fragiles.“

818 2410 960 2474 XXXII.
1003 2410 1132 2490 QUOD
1154 2410 1248 2475 LEX
1270 2410 1634 2478 SARRAOENORUM
1654 2410 1739 2476 EST
1761 2410 1981 2477 OCCULTA.

530 2522 541 2571 1

528 2590 544 2639 2
685 2542 748 2607 Est
779 2552 885 2607 autem
915 2543 970 2607 lex
1000 2566 1111 2607 cerum
1142 2542 1268 2607 occulta
1295 2545 1330 2607 in
1359 2568 1417 2609 sua
1439 2546 1657 2631 expressione.
1700 2542 1782 2607 Nam
1804 2554 1883 2629 aput
1904 2565 2015 2609 omnes
2038 2542 2237 2607 Sarracenos

563 2660 777 2724 certissimum
800 2672 832 2723 et
851 2658 1115 2744 probatissimum
1137 2657 1270 2741 dicitur,
1293 2660 1381 2747 quod
1402 2659 1508 2725 nullus
1531 2670 1597 2741 est,
1620 2661 1674 2747 qui
1697 2660 1778 2724 sciat
1800 2657 1996 2742 alcoranum,
2027 2680 2087 2723 nec
2107 2662 2237 2745 exposi-

529 2800 544 2849 3
563 2776 689 2840 cionem
710 2774 864 2856 alcorani,
885 2776 949 2839 nisi
971 2773 1060 2839 solus
1080 2774 1182 2839 Deus.
1225 2774 1291 2839 Sed
1312 2775 1471 2861 quomodo
1494 2786 1543 2839 est
1562 2774 1778 2856 racionabile,
1800 2774 1887 2861 quod
1908 2774 1999 2839 Deus
2022 2774 2111 2840 dedit
2132 2774 2237 2859 legem

528 2889 746 2965 rhominibus
768 2899 800 2953 et
819 2889 931 2971 voluit,
953 2890 1039 2977 quod
1058 2902 1227 2955 seruarent
1247 2890 1346 2973 iham,
1371 2892 1429 2957 sed
1452 2891 1563 2971 noluit,
1585 2890 1673 2977 quod
1694 2888 1937 2977 intelligerent?
1958 2889 2061 2955 Porro
2076 2888 2236 2976 quomodo

529 3017 696 3091 tpossunt
722 3006 898 3071 obseruare
927 3006 1014 3093 quod
1041 3029 1107 3071 non
1133 3006 1347 3093 intelligunt?
1374 3008 1442 3094 Ipsi
1466 3008 1551 3072 enim
1580 3030 1639 3095 per
1660 3008 1900 3093 exposicionem
1923 3007 1970 3069 sic
1990 3006 2114 3071 faciunt
2133 3005 2237 3093 legem

527 3120 648 3189 tillem
670 3122 845 3204 confusam,
866 3122 953 3208 quod
975 3124 1102 3208 penitus
1125 3122 1204 3187 deus
1226 3123 1290 3204 ille,
1313 3124 1369 3211 qui
1390 3122 1479 3187 dedit
1499 3120 1604 3207 legem
1626 3122 1725 3203 illam,
1747 3121 1876 3187 ridetur
1901 3121 1980 3186 deus
2002 3121 2118 3187 fatuus.
2151 3121 2235 3187 Nam

559 3238 607 3303 ibi
628 3240 785 3325 scriptum
807 3250 864 3320 est,
887 3238 975 3323 quod
997 3238 1174 3302 fornicacic
1196 3253 1244 3304 est
1266 3240 1431 3326 prohibita
1452 3252 1483 3303 et
1505 3262 1621 3315 veura,
1644 3237 1701 3303 sed
1723 3236 1865 3325 quelibet
1887 3236 2035 3303 vendicio
2059 3248 2090 3301 et
2111 3240 2236 3325 empcio

528 3356 678 3431 test²⁰⁴)
702 3353 792 3419 licita
821 3363 853 3419 et
878 3376 944 3419 non
973 3353 1153 3440 prohibita,
1182 3366 1214 3417 et
1235 3354 1322 3441 quod
1344 3354 1383 3419 de
1406 3378 1466 3421 sua
1487 3378 1522 3419 re
1543 3354 1606 3421 sibi
1627 3353 1724 3419 liceat
1745 3354 1855 3419 facere
1874 3353 1962 3441 quod
1983 3353 2046 3418 wlt.
2090 3352 2174 3418 Vide
2196 3352 2236 3417 de

562 3468 808 3557 perfectioribus
838 3494 880 3535 ex
902 3470 1109 3535 Sarracenis:
1138 3468 1263 3534 vadunt
1288 3470 1331 3535 ad
1353 3468 1567 3557 prostibulum
1590 3480 1621 3535 et
1642 3468 1753 3533 dicunt
1774 3470 1950 3533 meretrici:
1973 3470 2167 3555 „Appetitas
2189 3482 2238 3535 est

529 3567 670 3684 {michi
693 3585 751 3649 sed
770 3585 925 3650 fornicari
945 3608 1011 3650 non
1029 3585 1113 3649 licet.
1156 3584 1270 3651 Vende
1290 3596 1323 3651 te
1346 3586 1474 3651 michi.“
1517 3585 1561 3650 Et
1582 3586 1638 3651 illa
1664 3607 1698 3650 se
1722 3584 1848 3667 vendit,
1878 3596 1910 3649 ct
1931 3583 2034 3649 solute
2057 3588 2167 3672 precio
2190 3584 2237 3651 di·

515 3724 545 3775 10
564 3703 607 3765 cit
626 3703 656 3765 ei
676 3699 744 3765 ille:
773 3699 841 3783 „Es
861 3698 944 3765 bene
964 3703 1067 3767 mea.“
1110 3701 1184 3782 Qua
1206 3702 1417 3783 eoncedente,
1447 3701 1533 3790 quod
1563 3705 1625 3784 sic,
1652 3701 1705 3767 illc
1734 3700 1912 3767 concludit:
1940 3700 2014 3782 „De
2035 3724 2070 3765 re
2093 3724 2166 3766 mea
2187 3724 2237 3765 se·

514 3840 543 3890 11
564 3816 705 3883 cundum
731 3815 837 3902 legem
862 3828 1009 3881 nostram
1034 3816 1111 3882 licet
1139 3818 1237 3883 michi
1266 3817 1374 3883 facere
1403 3818 1488 3905 quod
1517 3816 1622 3883 volo.“
1663 3816 1707 3881 Et
1728 3829 1804 3881 tunc
1826 3838 1938 3881 secure
1960 3814 2144 3883 concumbit
2165 3838 2238 3881 cum

565 3956 611 3999 ea
644 3934 688 3997 Et
708 3932 771 3998 hoc
790 3932 877 3997 idem
899 3932 1026 3997 videtur
1045 3933 1128 3997 velle
1149 3932 1259 3998 dicere
1274 3933 1497 3999 Machometus
1517 3936 1551 3998 in
1565 3933 1728 4015 alcorano,
1751 3930 1837 4016 quod
1856 3942 1969 4020 aperto
1986 3941 2018 3995 et
2033 3932 2119 4018 turpi
2135 3932 2236 3998 verbo

565 4049 688 4137 profert
708 4048 836 4113 dicens:
859 4047 1032 4133 „Fatigato
1052 4048 1214 4130 mulieres,
1238 4060 1270 4113 et
1290 4072 1354 4115 non
1377 4052 1437 4115 erit
1452 4048 1586 4137 aliquod
1602 4059 1781 4137 peccatum,
1804 4044 1976 4113 dummodo
1995 4046 2151 4113 dederitis
2167 4070 2238 4134 pre·

516 4180 546 4232 12
565 4168 661 4248 cium,
694 4164 782 4252 qued
809 4165 1035 4251 promisistis.“
1076 4164 1203 4229 Eodem
1225 4163 1466 4231 madefaciunt
1493 4164 1549 4249 illi,
1573 4167 1628 4252 qui
1649 4164 1761 4230 volunt
1782 4173 1928 4251 prestare
1951 4162 1992 4227 ad
2014 4184 2148 4227 rsuram
2170 4163 2239 4229 sine

516 4293 546 4344 13
564 4290 708 4367 peccato.
748 4281 833 4346 Nam
853 4290 941 4346 tenet
962 4290 1130 4367 apotecam
1153 4303 1225 4345 cum
1246 4284 1395 4366 pecunia,
1418 4294 1449 4345 et
1470 4292 1556 4347 tenet
1578 4282 1625 4346 ibi
1645 4280 1756 4367 aliqua
1775 4278 1853 4343 vilia
1873 4277 2012 4360 venalia,
2041 4290 2073 4343 et
2095 4301 2168 4343 cum
2185 4304 2239 4343 ve·

564 4399 650 4460 uerit
669 4395 734 4477 ille,
755 4398 811 4483 qui
831 4395 956 4482 indiget
978 4398 1127 4483 pecunia,
1148 4395 1213 4478 ille,
1236 4398 1290 4484 qui
1311 4406 1446 4483 prestat,
1468 4407 1681 4485 protestatur,
1705 4396 1829 4460 dicens:
1858 4394 1951 4481 „Ego
1973 4416 2038 4459 non
2059 4406 2240 4481 prestarem

564 4512 608 4576 ad
628 4534 780 4587 usuram,
802 4514 878 4599 quia
899 4535 963 4577 uon
984 4512 1060 4577 licet
1080 4510 1255 4577 secundum
1278 4512 1476 4595 alcoranum,
1500 4513 1558 4577 sed
1579 4512 1732 4599 prestabo
1755 4510 1815 4577 tibi
1836 4514 1939 4597 gratis
1962 4524 1993 4575 et
2013 4522 2048 4576 tu
2071 4534 2157 4577 emes
2181 4510 2239 4579 ali-

516 4643 547 4693 14
565 4628 645 4715 quid
665 4652 686 4693 a
707 4629 788 4693 me.“
829 4628 875 4693 Et
893 4637 970 4692 tunc
989 4639 1115 4715 prestat
1136 4629 1166 4692 ei
1187 4630 1368 4715 pecuniam,
1391 4638 1423 4693 et
1444 4628 1499 4694 ille
1521 4630 1597 4693 emit
1619 4626 1741 4713 aliquid
1763 4627 1805 4691 ab
1828 4648 1875 4699 ee,
1898 4638 1929 4691 et
1950 4626 2007 4693 dat
2029 4630 2059 4692 ei
2080 4629 2238 4715 precium,

565 4744 652 4832 quod
674 4743 804 4809 excedit
824 4743 970 4810 valorem
993 4744 1170 4808 secundum
1191 4746 1403 4829 quantitatem
1426 4746 1562 4830 pecunie
1585 4754 1616 4809 et
1637 4744 1870 4830 longitudinem
1891 4744 2057 4829 temporis,
2080 4766 2143 4831 quo
2166 4766 2240 4831 pre-

514 4844 545 4963 }}
564 4869 629 4925 stat
648 4862 679 4925 ei
700 4862 880 4946 pecuniam.
923 4860 967 4923 Et
986 4860 1048 4925 isto
1070 4859 1166 4924 modo
1187 4858 1324 4923 credunt
1344 4880 1414 4924 esse
1434 4859 1558 4925 licitum
1580 4871 1871 4945 quantumcumque
1893 4858 1935 4923 ab
1958 4860 2164 4946 acaccipiet
2208 4859 2237 4925 O

515 5003 544 5053 lt
564 4976 647 5040 cecil
669 4975 803 5061 putatis,
825 4974 912 5061 quod
927 4975 1018 5041 Deus
1039 4974 1184 5039 dedisset
1202 4974 1300 5039 telem
1321 4974 1436 5061 legem,
1458 4998 1522 5063 qua
1542 4976 1724 5064 decepisset
1746 4976 1972 5061 semetipsum
1995 4984 2026 5041 et
2046 4974 2130 5041 vos?
2154 4975 2238 5041 Nam

564 5093 626 5156 isto
649 5090 746 5156 medo
769 5092 871 5157 omnis
894 5094 1112 5177 transgressio
1136 5092 1255 5176 poterit
1276 5091 1345 5156 lieri
1368 5090 1467 5158 licita.

754 5256 913 5321 XXXIII.
957 5254 1084 5335 QUOD
1106 5254 1199 5319 LEX
1220 5254 1583 5322 SARRACENORUM
1606 5256 1689 5321 EST
1710 5254 2056 5322 MENDAOISSIMA.

532 5360 547 5477 l
691 5388 751 5453 Est
769 5391 853 5453 enim
873 5388 928 5453 lex
949 5388 1023 5475 ipsa
1043 5386 1303 5453 mendacissima.
1346 5388 1430 5453 Nam
1451 5389 1624 5454 Sarraceni
1654 5396 1762 5475 preter
1793 5388 1978 5454 alcoranum
2000 5387 2120 5452 habent
2141 5410 2238 5475 quen·

567 5504 643 5569 dam
663 5503 761 5568 alium
782 5504 915 5587 librum,
945 5526 1037 5592 quem
1062 5502 1152 5568 dedit
1173 5507 1219 5567 eis
1240 5502 1479 5588 Machometus,
1507 5508 1540 5571 in
1569 5526 1631 5593 quc
1652 5504 1731 5569 talia
1751 5504 1922 5569 mendacia
1944 5514 2018 5569 sunt
2040 5514 2071 5568 et
2092 5502 2171 5570 talia
2192 5506 2239 5569 in·

628 5674 698 5745 201)
722 5675 798 5729 enim
819 5670 857 5731 G.
1489 5676 1560 5736 203l
1582 5672 1657 5733 adeo
1679 5671 1716 5732 G.

627 5775 701 5847 202)
725 5771 859 5847 precedit
883 5769 919 5831 G.
970 5768 1031 5830 Sed
1060 5769 1138 5831 idem
1165 5769 1255 5831 habet
1280 5790 1384 5849 aequa·
1488 5778 1559 5847 204)
1581 5782 1608 5831 et
1630 5771 1666 5833 G.

565 5883 624 5948 tur,
645 5890 736 5951 quare
757 5869 926 5948 scripsimus
944 5872 1097 5947 precedat.
