5284 7042
1420 720 1459 777 aa

603 897 723 982 sagitta
743 897 855 963 furari.
898 897 936 960 In
956 894 1041 959 bello
1062 895 1178 974 fortes,
1204 896 1268 959 nisi
1288 892 1416 981 pellicio
1424 902 1449 969 ¹)
1472 892 1571 959 rubeo
1598 906 1631 959 et
1652 894 1790 981 desuper
1814 896 1949 961 camisia
1970 918 2088 979 magna
2112 904 2143 957 et
2167 894 2277 979 ampla

601 1022 744 1094 utuntur,
767 1022 865 1097 caput
887 1023 1012 1075 tantum
1035 1033 1107 1074 cum
1128 1032 1237 1095 panno
1258 1020 1413 1095 tegentes.
1456 1010 1513 1073 Isti
1535 1009 1741 1095 repleuerunt
1760 1022 1862 1077 totam
1882 1010 2022 1097 Syriam,
2044 1008 2274 1096 utplurimum

602 1138 709 1193 tamen
740 1126 889 1192 habitant
920 1128 1008 1191 eirca
1032 1126 1153 1191 fluenta
1172 1124 1336 1207 Iordanis,
1371 1124 1539 1191 aLibano
1571 1148 1672 1213 usqae
1702 1126 1745 1191 ad
1767 1128 1930 1193 desertum
1954 1126 2101 1207 Pharan,
2134 1126 2210 1213 quia
2228 1124 2273 1187 ibi

602 1255 678 1307 sunt
704 1252 830 1307 montes
862 1264 922 1329 pro
955 1244 1063 1327 capris
1091 1250 1123 1306 et
1149 1241 1281 1321 onibus,
1310 1242 1418 1327 campi
1448 1262 1506 1327 pro
1534 1241 1637 1307 bobus
1661 1252 1692 1306 et
1714 1241 1854 1307 camelis.
1898 1242 1986 1307 Oues
2008 1266 2124 1328 magne
2147 1251 2220 1305 sunt
2242 1244 2273 1304 in

602 1358 750 1446 partibus
774 1358 836 1423 illis
859 1370 891 1421 et
912 1358 1066 1443 precipue
1088 1358 1216 1436 arietes,
1238 1368 1271 1419 et
1289 1356 1410 1421 habent
1432 1356 1552 1422 caudas
1574 1368 1639 1422 tam
1662 1380 1808 1444 magnas,
1831 1370 1865 1423 ut
1887 1380 1951 1423 una
1973 1358 2078 1423 cauda
2097 1358 2200 1423 tribas
2222 1355 2274 1421 uel

603 1486 740 1560 quatuor
761 1476 841 1540 uiris
863 1474 1003 1537 sufficiat
1024 1472 1067 1538 ad
1087 1471 1255 1535 edendum.

570 1618 584 1665 Ἰ
726 1622 824 1687 Circa
843 1621 1025 1699 Arachasb)
1050 1634 1191 1685 castrum
1218 1613 1291 1707 post
1312 1619 1472 1707 Tripolim
1495 1644 1596 1706 usque
1621 1620 1663 1687 ad
1686 1634 1826 1687 castrum
1849 1621 1959 1686 Kraeh
1988 1620 2138 1687 habitant
2160 1620 2271 1684 Sarra-

603 1739 684 1818 ceni,
706 1740 760 1824 qni
780 1737 929 1801 dicontur
954 1739 1197 1814 Uannini⁰)⁶⁵²).
1239 1736 1307 1800 Illis
1337 1738 1571 1821 coniunguntur
1592 1736 1724 1824 quidam
1747 1738 1934 1815 Sarrnneni,
1959 1738 2014 1825 qui
2043 1737 2193 1801 dicuntur
2214 1742 2268 1795 Aa·

602 1857 717 1933 aissini,
747 1852 835 1918 ultra
853 1852 1088 1929 Anteradume)
1118 1876 1221 1939 propo
1251 1863 1394 1916 castrum
1422 1851 1609 1937 Margana)
1638 1852 1821 1917 habitantes
1850 1854 1883 1917 in
1913 1854 2083 1917 montania.
2132 1848 2272 1917 Castella

602 1968 744 2057 plurima
764 1968 884 2034 habent
904 1980 938 2032 et
959 1970 1108 2033 ciuitates
1128 1980 1160 2031 et
1179 1967 1318 2033 fertilem
1341 1978 1470 2031 terram.
1513 1967 1571 2031 Isti
1597 1966 1747 2032 dicuntur
1767 1967 1887 2033 habere
1909 1968 1970 2033 XL
1991 1969 2093 2034 millia
2115 1978 2271 2054 pugnato·

603 2109 683 2151 rum.
719 2084 934 2171 Capitaneum
956 2106 1054 2147 unum
1076 2083 1207 2165 habent,
1230 2106 1294 2146 non
1316 2105 1357 2147 ex
1380 2080 1577 2146 hereditaria
1603 2086 1814 2167 successione,
1837 2084 1893 2147 sed
1916 2084 2126 2171 prerogatiua
2147 2082 2272 2147 merito

601 2224 690 2284 rum,
722 2202 777 2286 qui
799 2225 890 2262 senex
909 2207 944 2261 de
964 2206 1110 2261 montanis
1130 2198 1246 2263 dieitur
1268 2222 1333 2261 non
1355 2198 1581 2283 proprietatio,
1606 2198 1663 2262 sed
1684 2200 1805 2283 ingenii
1828 2204 2021 2265 maturitate.
2064 2200 2116 2263 De
2137 2198 2271 2261 Perside

603 2316 752 2381 dieantur
773 2318 828 2381 isti
849 2316 982 2379 duxisse
1004 2316 1170 2400 originem.
1211 2316 1284 2399 Ego
1305 2314 1441 2378 transiui
1465 2336 1523 2399 pro
1546 2325 1640 2400 parte
1673 2324 1793 2379 terram
1815 2338 1934 2380 eorum.
1978 2312 2175 2379 Obedientes
2198 2326 2271 2377 sunt

603 2456 705 2520 usqae
725 2432 768 2497 ad
788 2445 939 2512 mortem,
968 2442 1000 2493 et
1020 2430 1173 2494 mandato
1197 2432 1373 2517 superioris
1396 2426 1570 2517 quemlibet
1592 2430 1806 2513 interficiunt,
1837 2442 1868 2494 et
1888 2433 1921 2493 in
1943 2430 2005 2494 hoe
2026 2428 2214 2515 paradisum
2236 2452 2271 2493 ae

603 2552 718 2615 mereri
741 2548 870 2629 dicunt,
899 2548 1035 2628 etiamsi,
1057 2556 1229 2631 antequam
1251 2546 1473 2611 obedienciam
1492 2544 1657 2631 impleant,
1682 2546 1877 2611 occidantur.
1920 2546 2005 2609 Ante
2027 2568 2128 2611 annos
2151 2566 2270 2631 paucos

604 2664 647 2729 ad
669 2664 890 2729 obedienciam
911 2684 1043 2727 romane
1065 2660 1202 2725 ecclesie
1223 2664 1334 2726 uenire
1354 2660 1515 2741 uolebant,
1536 2672 1567 2725 et
1589 2664 1740 2726 nuncium
1762 2674 1894 2749 propter
1916 2662 1978 2727 hoe
1997 2662 2030 2725 in
2045 2658 2157 2725 Aeson
2178 2662 2269 2723 mise

604 2792 693 2862 rant,
720 2782 774 2865 qai
795 2779 929 2864 negocio
952 2776 995 2841 ad
1016 2789 1125 2841 uotum
1146 2788 1278 2862 peracto
1299 2800 1372 2841 cum
1394 2776 1530 2859 rediret,
1553 2800 1572 2841 a
1594 2776 1805 2862 quibusdam,
1828 2780 1884 2865 qui
1905 2780 2012 2864 ipsum
2036 2776 2196 2841 deducere
2217 2775 2269 2839 de·

603 2898 760 2978 buerant,
780 2906 854 2959 ante
875 2905 961 2958 terre
982 2894 1149 2957 introitum
1170 2905 1219 2956 est
1240 2895 1364 2957 occisus
1385 2893 1420 2955 in
1443 2900 1600 2957 iacturam
1623 2895 1725 2959 tocius
1748 2892 1897 2975 ecclesie,
1927 2894 2004 2979 quia
2024 2892 2093 2975 alii,
2124 2892 2268 2956 uidentes

603 3036 668 3079 non
695 3034 764 3076 esse
793 3011 891 3075 fidem
918 3011 952 3073 in
973 3008 1184 3091 Christianis,
1217 3010 1324 3073 statim
1353 3008 1394 3073 ab
1421 3010 1550 3094 incepto
1578 3020 1784 3073 retraxerunt
1803 3010 1928 3095 pedem.
1971 3010 2075 3073 Terra
2096 3010 2269 3074 istoruma

603 3141 691 3195 terra
705 3126 964 3193 Christianorum
985 3148 1044 3211 per
1066 3124 1222 3211 quosdam
1241 3123 1368 3210 lapides
1391 3123 1591 3188 discernitur.
1628 3124 1754 3205 Quibus
1778 3126 1809 3189 iu
1834 3124 1996 3211 lapidibus
2018 3128 2052 3189 in
2071 3136 2164 3212 parte
2179 3122 2269 3189 Chri-

605 3246 784 3309 stianorum
813 3244 940 3327 signum
968 3242 1088 3323 crucis,
1113 3240 1352 3304 Assissinorum
1376 3238 1494 3303 cultelli
1516 3238 1677 3326 sculptum
1700 3251 1757 3305 est.
1798 3242 1884 3306 Istos
1906 3240 2011 3305 adhuc
2031 3240 2136 3305 nullus
2160 3238 2269 3305 Solda-

603 3381 719 3425 norum
745 3360 852 3443 potuit
879 3356 1066 3441 subiugare,
1097 3356 1155 3420 scd
1181 3358 1245 3442 ipsi
1271 3355 1334 3419 sibi
1361 3354 1449 3439 loges
1480 3367 1511 3419 ct
1537 3356 1610 3420 iura
1637 3356 1779 3421 condunt
1809 3368 1840 3421 et
1863 3356 2020 3435 utilibet‘)
2043 3356 2106 3445 hijs
2129 3368 2268 3423 utrmtnr.

604 3476 845 3545 Formidabiles
868 3483 941 3536 sunt
963 3470 1110 3535 omnibus
1132 3470 1432 3535 circumiacentibus
1454 3471 1639 3537 nationibus
1663 3483 1797 3559 propter
1817 3474 1951 3540 nimiam
1972 3474 2178 3539 ferocitatem.

571 3630 586 3681 8
728 3622 911 3689 Notandum
933 3631 1039 3684 autem
1060 3622 1093 3682 in
1115 3621 1161 3683 rei
1184 3622 1336 3702 ueritate,
1358 3619 1432 3683 licet
1460 3619 1590 3707 quidam
1613 3624 1811 3687 contrarium
1834 3625 1994 3705 scneiant,
2023 3624 2078 3709 qui
2100 3646 2139 3687 ea
2161 3624 2270 3689 uolunt

606 3764 761 3821 asserere,
784 3761 845 3823 que
867 3760 930 3801 non
952 3734 1113 3815 uiderunt,
1136 3735 1222 3821 quod
1242 3737 1349 3799 oriens
1369 3746 1453 3800 totns
1476 3736 1560 3801 ultra
1583 3759 1671 3801 more
1691 3760 1793 3825 usque
1815 3738 1847 3803 in
1869 3738 2007 3826 Yndiarrr
2031 3750 2062 3803 et
2083 3740 2270 3827 Ethiopiam

604 3881 721 3925 nomen
743 3856 865 3921 Christi
887 3852 1054 3917 confitetur
1077 3863 1108 3915 et
1128 3850 1294 3937 predicat,
1325 3864 1434 3939 preter
1466 3850 1550 3917 solos
1573 3852 1769 3919 Sarracenos
1798 3866 1829 3918 et
1859 3854 2017 3939 quosdam
2037 3854 2268 3937 Tarcomauos,

605 3977 660 4063 qui
678 3976 712 4037 in
730 3969 943 4058 Cappadocia
964 3966 1072 4031 sedem
1094 3966 1224 4047 habent,
1245 3968 1293 4030 ita
1313 3964 1400 4054 quod
1425 3990 1484 4053 pro
1508 3978 1593 4032 certo
1615 3992 1736 4050 assero,
1760 3970 1842 4033 sicut
1866 3993 1925 4056 per
1947 3980 2062 4033 memet
2077 3973 2185 4057 ipsum
2201 3971 2266 4036 uidi

604 4102 636 4155 et
658 4089 700 4153 ab
722 4088 805 4167 aliis,
826 4084 942 4171 quihus
964 4090 1105 4158 notumss)
1127 4095 1206 4164 erat,
1229 4081 1355 4163 audiui,
1379 4082 1463 4170 quod
1486 4106 1612 4170 semper
1634 4085 1666 4147 in
1688 4086 1774 4149 omni
1796 4083 1866 4150 loco
1889 4096 1920 4149 et
1940 4108 2039 4169 reguo
2063 4097 2268 4175 preterquam

603 4208 638 4271 in
659 4205 792 4290 Egypto
814 4214 845 4266 et
867 4200 1007 4282 Arabia,
1035 4199 1090 4263 ubi
1117 4198 1291 4286 plurimum
1321 4198 1471 4263 habitant
1492 4200 1664 4264 Sarraceni
1694 4212 1725 4263 et
1753 4198 1808 4263 alii
1830 4200 2067 4265 blachometum
2089 4210 2267 4289 sequentes,

605 4345 664 4410 pro
685 4344 748 4384 uno
765 4318 945 4383 Sarraceno
968 4318 1102 4401 triginta
1124 4314 1176 4379 uel
1198 4311 1338 4398 amplius
1359 4316 1502 4379 inuenies
1520 4314 1731 4381 Clnistianos.
1765 4316 1885 4381 Uerum
1907 4326 2023 4399 tamen,
2043 4316 2163 4400 quedl)
2179 4316 2268 4382 Chri·

605 4440 701 4503 stiani
723 4457 833 4500 omnes
853 4433 1062 4496 transmarini
1083 4429 1238 4505 natione¹)
1260 4438 1333 4493 sunt
1355 4430 1526 4494 orientales
1536 4428 1562 4500 “t
1570 4480 1579 4512 ,
1610 4434 1692 4517 quib
1712 4431 1787 4495 licet
1811 4434 1875 4496 sint
1896 4432 2088 4515 Christiani,
2124 4434 2200 4518 quia
2221 4444 2266 4497 ta·

604 4576 677 4618 men
699 4574 791 4615 usum
814 4570 979 4613 armorum
1000 4570 1064 4611 non
1086 4544 1206 4609 hahent
1227 4543 1371 4625 multum,
1395 4568 1467 4608 eum
1488 4546 1719 4631 impugnantur
1742 4570 1761 4611 a
1783 4548 1984 4630 sarracenis,
2007 4547 2197 4626 Tana-ise)
2219 4547 2268 4613 uel

604 4669 675 4734 aliis
698 4666 949 4751 quibuscunque,
971 4660 1171 4724 subiciuntur
1193 4660 1239 4723 eis
1263 4660 1444 4725 attributis
1466 4682 1581 4746 pacem
1603 4676 1633 4725 et
1654 4666 1791 4749 quietem
1814 4676 1932 4745 emunt,
1955 4674 1986 4728 et
2006 4665 2178 4729 Sarraceni
2201 4667 2267 4729 siue

604 4784 676 4864 alii,
707 4783 762 4869 qai
784 4782 829 4844 eis
852 4778 1077 4856 dominantur,
1107 4775 1234 4839 baliuos
1263 4798 1339 4839 suos
1362 4788 1393 4840 et
1415 4790 1583 4841 exactores
1605 4779 1637 4840 in
1661 4782 1755 4843 terris
1777 4778 1841 4843 illis
1862 4790 1993 4867 ponunt.
2036 4780 2079 4843 m
2100 4778 2176 4845 inde
2197 4802 2269 4845 con·

603 4901 685 4985 tigit,
707 4896 793 4986 quod
814 4916 949 4977 regnum
970 4890 1051 4955 illud
1072 4890 1190 4955 dicitur
1212 4913 1282 4953 esse
1306 4891 1568 4974 sarracenorum,
1592 4914 1663 4957 cum
1677 4904 1784 4959 tamen
1807 4898 1839 4959 in
1855 4896 1903 4960 rei
1920 4898 2056 4961 ueritate
2069 4905 2142 4959 sunt
2159 4918 2267 4959 omnes

604 5014 783 5081 Christiani
818 5026 927 5096 preter
954 5009 1045 5093 ipsos
1069 5005 1194 5071 baliuos
1216 5017 1248 5070 et
1269 5020 1438 5072 exactores
1461 5016 1493 5071 et
1511 5006 1635 5094 aliquos
1658 5008 1697 5073 de
1718 5010 1842 5074 familia
1868 5013 2030 5099 ipsorum,
2058 5012 2140 5075 sieut
2168 5010 2267 5075 oeulis

604 5130 685 5193 meis
704 5128 773 5191 uidi
794 5128 828 5189 in
851 5124 998 5198 Ciliciae)
1018 5133 1050 5185 et
1069 5121 1226 5186 Armenia
1244 5124 1375 5203 minori,
1405 5146 1466 5211 qne
1489 5135 1537 5187 est
1560 5123 1689 5189 subdita
1711 5124 1851 5191 dominio
1875 5127 2087 5192 Tartarorum
2100 5128 2164 5206 ⁶⁵³).
2206 5128 2269 5193 Fui

605 5246 689 5309 enim
717 5242 805 5329 apud
830 5264 942 5326 regem
962 5239 1116 5304 Armenie
1144 5250 1175 5301 et
1205 5235 1318 5303 Cilicia
1346 5240 1449 5303 tribus
1478 5238 1682 5321 ebdomadis,
1713 5252 1745 5305 et
1773 5254 1864 5307 erant
1891 5244 1978 5331 apud
2006 5244 2111 5329 ipsum
2138 5244 2269 5330 qnidam

670 5445 698 5505 a)
716 5440 813 5492 belicr'o
833 5442 872 5493 st.
891 5466 919 5475 -
946 5436 974 5508 b)
993 5436 1094 5489 archas
1113 5436 1152 5489 St.
1169 5465 1203 5473 —
1229 5439 1255 5503 e)
1272 5436 1361 5488 acam
1378 5436 1417 5490 st.
1442 5435 1533 5488 Vaurn'
1548 5433 1572 5489 h.
1596 5437 1688 5489 Uhani
1703 5436 1753 5491 Ed.
1773 5456 1832 5491 ven.
1860 5474 1888 5480 -
1910 5438 1939 5511 d)
1956 5441 2003 5509 qui
2018 5440 2092 5494 altre
2109 5442 2270 5495 aimundum

739 5520 778 5575 St.
813 5520 919 5575 Vocab.
947 5522 994 5587 qai
1015 5536 1071 5571 non
1094 5518 1178 5571 hahet
1194 5517 1221 5572 h.
1242 5552 1270 5560 -
1295 5524 1321 5586 e)
1341 5518 1470 5587 Morparl
1485 5518 1524 5572 St
1550 5550 1581 5558 -
1606 5520 1633 5585 s)
1652 5519 1765 5574 utilibus
1782 5524 1821 5575 st.
1846 5530 1875 5575 at
1895 5522 1958 5577 libet
1976 5521 2002 5579 h.
2026 5554 2059 5563 -
2082 5526 2111 5593 g)
2129 5531 2210 5578 totam
2230 5524 2268 5579 St.

737 5613 797 5657 note
813 5611 892 5657 cram
908 5602 934 5657 h.
956 5634 971 5641 ·
1007 5601 1036 5672 h)
1052 5604 1119 5671 qaia
1137 5600 1177 5658 st.
1195 5605 1271 5672 qnod
1284 5602 1309 5655 h.
1328 5632 1361 5641 -
1380 5600 1400 5671 i)
1417 5602 1545 5654 naciones
1563 5602 1602 5655 st.
1626 5632 1658 5641 -
1685 5602 1715 5661 kl
1734 5606 1846 5660 aurata
1867 5608 1906 5663 St.
1926 5606 2071 5661 orientales
2087 5606 2139 5662 Ed.
2157 5624 2216 5662 ven.
2236 5638 2269 5647 —

632 5722 635 5727 -
737 5686 757 5757 l)
775 5688 839 5754 quoia
856 5690 896 5741 St.
916 5689 991 5756 quod
1006 5686 1031 5740 h.
1049 5716 1083 5725 -
1100 5689 1138 5752 m)
1154 5686 1199 5739 acl
1214 5688 1282 5739 aliia
1299 5686 1415 5739 tartaria
1432 5686 1476 5737 acl
1493 5684 1561 5737 aliia
1580 5684 1618 5739 St.
1637 5688 1801 5742 Seffoccnr's
1821 5691 1948 5743 Tar-toria
1965 5688 1988 5743 h.
2005 5720 2033 5727 -
2054 5692 2083 5757 n)
2100 5690 2200 5744 Sicilia
2212 5688 2251 5745 St.

665 5880 736 5949 652)
770 5873 911 5947 Uraniae]
939 5872 1070 5952 Populus
1104 5873 1173 5931 mihi
1201 5874 1327 5949 ignotus.
1370 5872 1416 5931 Cf.
1520 5877 1591 5945 653)
1616 5894 1670 5951 que
1699 5885 1743 5933 est
1770 5876 1884 5933 subdito
1913 5876 2027 5933 domim
2059 5876 2266 5953 Tartarea-arn]

602 5996 691 6056 supra
712 5983 810 6033 notam
833 5976 881 6033 98.
1458 5970 1673 6048 Mongolorum.
