<?xml version="1.0" encoding="UTF-8"?>
<!DOCTYPE html PUBLIC "-//W3C//DTD XHTML 1.0 Transitional//EN"
    "http://www.w3.org/TR/xhtml1/DTD/xhtml1-transitional.dtd">
<html xmlns="http://www.w3.org/1999/xhtml" xml:lang="en" lang="en">
 <head>
  <title>
</title>
<meta http-equiv="Content-Type" content="text/html;charset=utf-8" />
  <meta name='ocr-system' content='tesseract 3.04.00' />
  <meta name='ocr-capabilities' content='ocr_page ocr_carea ocr_par ocr_line ocrx_word'/>
</head>
<body>
  <div class='ocr_page' id='page_1' title='image "./peregrinatoresm00odorgoog_0177.png"; bbox 0 0 5284 7042; ppageno 0'>
   <div class='ocr_carea' id='block_1_1' title="bbox 1202 717 1258 778">
    <p class='ocr_par' dir='ltr' id='par_1_1' title="bbox 1202 717 1258 778">
     <span class='ocr_line' id='line_1_1' title="bbox 1202 717 1258 778; baseline 0 -1"><span class='ocrx_word' id='word_1_1' title='bbox 1202 717 1258 778; x_wconf 81' lang='grc'><strong>1117</strong></span> 
     </span>
    </p>
   </div>
   <div class='ocr_carea' id='block_1_2' title="bbox 383 877 2121 4685">
    <p class='ocr_par' dir='ltr' id='par_1_2' title="bbox 383 877 2120 3053">
     <span class='ocr_line' id='line_1_2' title="bbox 390 877 2103 987; baseline -0.004 -23"><span class='ocrx_word' id='word_1_2' title='bbox 390 898 554 987; x_wconf 83' lang='lat' dir='ltr'><strong>pslscinsn</strong></span> <span class='ocrx_word' id='word_1_3' title='bbox 579 877 846 977; x_wconf 83' lang='lat' dir='ltr'><strong>orustissimum,</strong></span> <span class='ocrx_word' id='word_1_4' title='bbox 876 894 963 984; x_wconf 88' lang='lat' dir='ltr'><strong>quod</strong></span> <span class='ocrx_word' id='word_1_5' title='bbox 989 916 1051 981; x_wconf 91' lang='lat' dir='ltr'><strong>pro</strong></span> <span class='ocrx_word' id='word_1_6' title='bbox 1072 914 1145 957; x_wconf 86' lang='lat' dir='ltr'><strong>mea</strong></span> <span class='ocrx_word' id='word_1_7' title='bbox 1165 892 1400 959; x_wconf 77' lang='lat' dir='ltr'><strong>insufficiencia</strong></span> <span class='ocrx_word' id='word_1_8' title='bbox 1422 892 1563 959; x_wconf 84' lang='lat' dir='ltr'><strong>breuiter</strong></span> <span class='ocrx_word' id='word_1_9' title='bbox 1585 892 1735 959; x_wconf 81' lang='lat' dir='ltr'><strong>describo</strong></span> <span class='ocrx_word' id='word_1_10' title='bbox 1761 892 1866 959; x_wconf 89' lang='lat' dir='ltr'><strong>uobis.</strong></span> <span class='ocrx_word' id='word_1_11' title='bbox 1908 892 2103 961; x_wconf 76' lang='lat' dir='ltr'><strong>Fundituso</strong></span> 
     </span>
     <span class='ocr_line' id='line_1_3' title="bbox 389 1006 2068 1097; baseline -0.001 -20"><span class='ocrx_word' id='word_1_12' title='bbox 389 1026 440 1077; x_wconf 84' lang='lat' dir='ltr'><strong>est</strong></span> <span class='ocrx_word' id='word_1_13' title='bbox 469 1016 566 1095; x_wconf 79' lang='lat' dir='ltr'><strong>sorte,</strong></span> <span class='ocrx_word' id='word_1_14' title='bbox 593 1012 674 1077; x_wconf 83' lang='lat' dir='ltr'><strong>bene</strong></span> <span class='ocrx_word' id='word_1_15' title='bbox 703 1010 820 1091; x_wconf 84' lang='lat' dir='ltr'><strong>situm,</strong></span> <span class='ocrx_word' id='word_1_16' title='bbox 851 1032 894 1077; x_wconf 81' lang='lat' dir='ltr'><strong>ex</strong></span> <span class='ocrx_word' id='word_1_17' title='bbox 922 1032 989 1075; x_wconf 87' lang='lat' dir='ltr'><strong>una</strong></span> <span class='ocrx_word' id='word_1_18' title='bbox 1015 1022 1110 1097; x_wconf 85' lang='lat' dir='ltr'><strong>parte</strong></span> <span class='ocrx_word' id='word_1_19' title='bbox 1135 1030 1226 1074; x_wconf 87' lang='lat' dir='ltr'><strong>msro</strong></span> <span class='ocrx_word' id='word_1_20' title='bbox 1253 1020 1285 1073; x_wconf 89' lang='lat' dir='ltr'><strong>et</strong></span> <span class='ocrx_word' id='word_1_21' title='bbox 1306 1031 1407 1073; x_wconf 84' lang='lat' dir='ltr'><strong>nunes</strong></span> <span class='ocrx_word' id='word_1_22' title='bbox 1429 1006 1495 1073; x_wconf 89' lang='lat' dir='ltr'><strong>illic</strong></span> <span class='ocrx_word' id='word_1_23' title='bbox 1515 1008 1749 1089; x_wconf 86' lang='lat' dir='ltr'><strong>discurrentes,</strong></span> <span class='ocrx_word' id='word_1_24' title='bbox 1781 1032 1821 1074; x_wconf 88' lang='lat' dir='ltr'><strong>ex</strong></span> <span class='ocrx_word' id='word_1_25' title='bbox 1844 1008 1946 1075; x_wconf 77' lang='lat' dir='ltr'><strong>altero</strong></span> <span class='ocrx_word' id='word_1_26' title='bbox 1968 1010 2068 1076; x_wconf 88' lang='lat' dir='ltr'><strong>latere</strong></span> 
     </span>
     <span class='ocr_line' id='line_1_4' title="bbox 389 1124 2119 1217; baseline -0.001 -24"><span class='ocrx_word' id='word_1_27' title='bbox 389 1144 503 1217; x_wconf 78' lang='lat' dir='ltr'><strong>prata,</strong></span> <span class='ocrx_word' id='word_1_28' title='bbox 531 1128 679 1215; x_wconf 84' lang='lat' dir='ltr'><strong>pomaria</strong></span> <span class='ocrx_word' id='word_1_29' title='bbox 700 1136 733 1189; x_wconf 88' lang='lat' dir='ltr'><strong>et</strong></span> <span class='ocrx_word' id='word_1_30' title='bbox 754 1124 831 1191; x_wconf 88' lang='lat' dir='ltr'><strong>loca</strong></span> <span class='ocrx_word' id='word_1_31' title='bbox 852 1128 1062 1191; x_wconf 70' lang='lat' dir='ltr'>amenissima</span> <span class='ocrx_word' id='word_1_32' title='bbox 1083 1125 1294 1213; x_wconf 72' lang='lat' dir='ltr'>prospiciens.</span> <span class='ocrx_word' id='word_1_33' title='bbox 1336 1124 1561 1189; x_wconf 87' lang='lat' dir='ltr'><strong>Panimenturn</strong></span> <span class='ocrx_word' id='word_1_34' title='bbox 1583 1124 1680 1189; x_wconf 86' lang='lat' dir='ltr'><strong>babet</strong></span> <span class='ocrx_word' id='word_1_35' title='bbox 1703 1124 1820 1191; x_wconf 89' lang='lat' dir='ltr'><strong>subtile</strong></span> <span class='ocrx_word' id='word_1_36' title='bbox 1842 1148 2069 1209; x_wconf 83' lang='lat' dir='ltr'><strong>msrmorcnrn,</strong></span> <span class='ocrx_word' id='word_1_37' title='bbox 2088 1140 2119 1191; x_wconf 90' lang='lat' dir='ltr'><strong>to</strong></span> 
     </span>
     <span class='ocr_line' id='line_1_5' title="bbox 386 1238 2068 1331; baseline -0.001 -22"><span class='ocrx_word' id='word_1_38' title='bbox 386 1242 550 1309; x_wconf 83' lang='lat' dir='ltr'><strong>simulans</strong></span> <span class='ocrx_word' id='word_1_39' title='bbox 571 1264 690 1331; x_wconf 84' lang='lat' dir='ltr'><strong>aquam</strong></span> <span class='ocrx_word' id='word_1_40' title='bbox 710 1240 776 1305; x_wconf 87' lang='lat' dir='ltr'><strong>leui</strong></span> <span class='ocrx_word' id='word_1_41' title='bbox 797 1252 894 1308; x_wconf 87' lang='lat' dir='ltr'><strong>uento</strong></span> <span class='ocrx_word' id='word_1_42' title='bbox 915 1244 1088 1327; x_wconf 80' lang='lat' dir='ltr'><strong>agitatam,</strong></span> <span class='ocrx_word' id='word_1_43' title='bbox 1116 1243 1163 1306; x_wconf 83' lang='lat' dir='ltr'><strong>ita</strong></span> <span class='ocrx_word' id='word_1_44' title='bbox 1183 1250 1235 1322; x_wconf 87' lang='lat' dir='ltr'><strong>nt,</strong></span> <span class='ocrx_word' id='word_1_45' title='bbox 1265 1241 1320 1327; x_wconf 90' lang='lat' dir='ltr'><strong>qni</strong></span> <span class='ocrx_word' id='word_1_46' title='bbox 1343 1262 1441 1325; x_wconf 86' lang='lat' dir='ltr'><strong>super</strong></span> <span class='ocrx_word' id='word_1_47' title='bbox 1462 1238 1543 1305; x_wconf 91' lang='lat' dir='ltr'><strong>illud</strong></span> <span class='ocrx_word' id='word_1_48' title='bbox 1568 1241 1756 1321; x_wconf 70' lang='lat' dir='ltr'>incesserit,</span> <span class='ocrx_word' id='word_1_49' title='bbox 1787 1240 1909 1307; x_wconf 85' lang='lat' dir='ltr'><strong>undare</strong></span> <span class='ocrx_word' id='word_1_50' title='bbox 1930 1256 2068 1329; x_wconf 87' lang='lat' dir='ltr'><strong>putetur,</strong></span> 
     </span>
     <span class='ocr_line' id='line_1_6' title="bbox 383 1354 2116 1445; baseline -0.004 -20"><span class='ocrx_word' id='word_1_51' title='bbox 383 1382 467 1425; x_wconf 87' lang='lat' dir='ltr'><strong>curn</strong></span> <span class='ocrx_word' id='word_1_52' title='bbox 499 1373 609 1425; x_wconf 78' lang='lat' dir='ltr'><strong>tamen</strong></span> <span class='ocrx_word' id='word_1_53' title='bbox 637 1379 737 1423; x_wconf 72' lang='lat' dir='ltr'><strong>moue</strong></span> <span class='ocrx_word' id='word_1_54' title='bbox 764 1354 831 1423; x_wconf 89' lang='lat' dir='ltr'><strong>illic</strong></span> <span class='ocrx_word' id='word_1_55' title='bbox 857 1356 985 1443; x_wconf 86' lang='lat' dir='ltr'><strong>depicte</strong></span> <span class='ocrx_word' id='word_1_56' title='bbox 1016 1379 1141 1423; x_wconf 87' lang='lat' dir='ltr'><strong>summa</strong></span> <span class='ocrx_word' id='word_1_57' title='bbox 1170 1356 1309 1441; x_wconf 77' lang='lat' dir='ltr'><strong>uestigia</strong></span> <span class='ocrx_word' id='word_1_58' title='bbox 1338 1378 1403 1421; x_wconf 93' lang='lat' dir='ltr'><strong>non</strong></span> <span class='ocrx_word' id='word_1_59' title='bbox 1427 1358 1639 1445; x_wconf 72' lang='lat' dir='ltr'><strong>impresserit.</strong></span> <span class='ocrx_word' id='word_1_60' title='bbox 1683 1356 1827 1421; x_wconf 87' lang='lat' dir='ltr'><strong>Parietes</strong></span> <span class='ocrx_word' id='word_1_61' title='bbox 1856 1380 1934 1424; x_wconf 87' lang='lat' dir='ltr'><strong>uero</strong></span> <span class='ocrx_word' id='word_1_62' title='bbox 1955 1356 2068 1423; x_wconf 88' lang='lat' dir='ltr'><strong>domus</strong></span> <span class='ocrx_word' id='word_1_63' title='bbox 2088 1368 2116 1419; x_wconf 81' lang='grc' dir='ltr'><strong>ιι</strong></span> 
     </span>
     <span class='ocr_line' id='line_1_7' title="bbox 385 1470 2069 1565; baseline -0.001 -26"><span class='ocrx_word' id='word_1_64' title='bbox 385 1476 588 1539; x_wconf 73' lang='grc' dir='ltr'>ιιιιτιιιοιοίι</span> <span class='ocrx_word' id='word_1_65' title='bbox 610 1470 748 1555; x_wconf 77' lang='lat' dir='ltr'><strong>tabulis,</strong></span> <span class='ocrx_word' id='word_1_66' title='bbox 776 1494 839 1559; x_wconf 87' lang='lat' dir='ltr'><strong>que</strong></span> <span class='ocrx_word' id='word_1_67' title='bbox 859 1475 911 1539; x_wconf 91' lang='lat' dir='ltr'><strong>sui</strong></span> <span class='ocrx_word' id='word_1_68' title='bbox 931 1474 1040 1565; x_wconf 87' lang='lat' dir='ltr'><strong>operis</strong></span> <span class='ocrx_word' id='word_1_69' title='bbox 1062 1470 1241 1539; x_wconf 82' lang='lat' dir='ltr'><strong>subtilitate</strong></span> <span class='ocrx_word' id='word_1_70' title='bbox 1262 1471 1411 1537; x_wconf 86' lang='lat' dir='ltr'><strong>diuersas</strong></span> <span class='ocrx_word' id='word_1_71' title='bbox 1430 1474 1574 1537; x_wconf 84' lang='lat' dir='ltr'><strong>cortinas</strong></span> <span class='ocrx_word' id='word_1_72' title='bbox 1596 1470 1663 1536; x_wconf 90' lang='lat' dir='ltr'><strong>illic</strong></span> <span class='ocrx_word' id='word_1_73' title='bbox 1684 1474 1900 1551; x_wconf 86' lang='lat' dir='ltr'><strong>mentiuntur,</strong></span> <span class='ocrx_word' id='word_1_74' title='bbox 1929 1472 2069 1560; x_wconf 89' lang='lat' dir='ltr'><strong>undique</strong></span> 
     </span>
     <span class='ocr_line' id='line_1_8' title="bbox 385 1586 2119 1677; baseline -0.001 -22"><span class='ocrx_word' id='word_1_75' title='bbox 385 1600 619 1677; x_wconf 78' lang='lat' dir='ltr'><strong>conteguntur.</strong></span> <span class='ocrx_word' id='word_1_76' title='bbox 661 1588 764 1656; x_wconf 81' lang='lat' dir='ltr'><strong>Cuius</strong></span> <span class='ocrx_word' id='word_1_77' title='bbox 790 1586 919 1653; x_wconf 81' lang='lat' dir='ltr'><strong>testsrdo</strong></span> <span class='ocrx_word' id='word_1_78' title='bbox 946 1587 1028 1653; x_wconf 86' lang='lat' dir='ltr'><strong>aden</strong></span> <span class='ocrx_word' id='word_1_79' title='bbox 1050 1588 1182 1675; x_wconf 89' lang='lat' dir='ltr'><strong>proprie</strong></span> <span class='ocrx_word' id='word_1_80' title='bbox 1202 1588 1292 1653; x_wconf 70' lang='lat' dir='ltr'><strong>aerio</strong></span> <span class='ocrx_word' id='word_1_81' title='bbox 1313 1586 1421 1653; x_wconf 88' lang='lat' dir='ltr'><strong>colore</strong></span> <span class='ocrx_word' id='word_1_82' title='bbox 1443 1586 1646 1673; x_wconf 80' lang='lat' dir='ltr'><strong>depingitur,</strong></span> <span class='ocrx_word' id='word_1_83' title='bbox 1679 1598 1713 1651; x_wconf 88' lang='lat' dir='ltr'><strong>ut</strong></span> <span class='ocrx_word' id='word_1_84' title='bbox 1734 1586 1800 1651; x_wconf 92' lang='lat' dir='ltr'><strong>illic</strong></span> <span class='ocrx_word' id='word_1_85' title='bbox 1822 1586 1922 1653; x_wconf 84' lang='lat' dir='ltr'><strong>nubes</strong></span> <span class='ocrx_word' id='word_1_86' title='bbox 1945 1586 2067 1653; x_wconf 77' lang='lat' dir='ltr'><strong>discim-</strong></span> <span class='ocrx_word' id='word_1_87' title='bbox 2089 1594 2119 1643; x_wconf 85' lang='lat'><strong>¹²</strong></span> 
     </span>
     <span class='ocr_line' id='line_1_9' title="bbox 383 1702 2069 1793; baseline -0.001 -22"><span class='ocrx_word' id='word_1_88' title='bbox 383 1728 486 1785; x_wconf 81' lang='lat' dir='ltr'><strong>rere,</strong></span> <span class='ocrx_word' id='word_1_89' title='bbox 511 1702 578 1771; x_wconf 89' lang='lat' dir='ltr'><strong>illic</strong></span> <span class='ocrx_word' id='word_1_90' title='bbox 597 1704 771 1793; x_wconf 79' lang='lat' dir='ltr'><strong>Zephyrus</strong></span> <span class='ocrx_word' id='word_1_91' title='bbox 796 1702 877 1769; x_wconf 85' lang='lat' dir='ltr'><strong>flare</strong></span> <span class='ocrx_word' id='word_1_92' title='bbox 905 1715 938 1769; x_wconf 83' lang='lat' dir='ltr'><strong>et</strong></span> <span class='ocrx_word' id='word_1_93' title='bbox 963 1702 1031 1769; x_wconf 90' lang='lat' dir='ltr'><strong>illie</strong></span> <span class='ocrx_word' id='word_1_94' title='bbox 1057 1702 1106 1769; x_wconf 90' lang='lat' dir='ltr'><strong>sol</strong></span> <span class='ocrx_word' id='word_1_95' title='bbox 1125 1724 1244 1769; x_wconf 84' lang='lat' dir='ltr'><strong>annum</strong></span> <span class='ocrx_word' id='word_1_96' title='bbox 1265 1712 1299 1769; x_wconf 84' lang='lat' dir='ltr'><strong>et</strong></span> <span class='ocrx_word' id='word_1_97' title='bbox 1327 1724 1468 1785; x_wconf 87' lang='lat' dir='ltr'><strong>menses,</strong></span> <span class='ocrx_word' id='word_1_98' title='bbox 1504 1702 1575 1767; x_wconf 87' lang='lat' dir='ltr'><strong>dics</strong></span> <span class='ocrx_word' id='word_1_99' title='bbox 1595 1718 1626 1767; x_wconf 86' lang='lat' dir='ltr'><strong>ct</strong></span> <span class='ocrx_word' id='word_1_100' title='bbox 1650 1702 1890 1785; x_wconf 79' lang='lat' dir='ltr'><strong>hebdomadas,</strong></span> <span class='ocrx_word' id='word_1_101' title='bbox 1919 1702 2016 1767; x_wconf 82' lang='lat' dir='ltr'><strong>horus</strong></span> <span class='ocrx_word' id='word_1_102' title='bbox 2038 1716 2069 1769; x_wconf 86' lang='lat' dir='ltr'><strong>et</strong></span> 
     </span>
     <span class='ocr_line' id='line_1_10' title="bbox 384 1816 2119 1907; baseline -0.001 -22"><span class='ocrx_word' id='word_1_103' title='bbox 384 1832 559 1887; x_wconf 83' lang='lat' dir='ltr'><strong>momenta</strong></span> <span class='ocrx_word' id='word_1_104' title='bbox 579 1842 638 1885; x_wconf 90' lang='lat' dir='ltr'><strong>suo</strong></span> <span class='ocrx_word' id='word_1_105' title='bbox 659 1831 749 1885; x_wconf 91' lang='lat' dir='ltr'><strong>motu</strong></span> <span class='ocrx_word' id='word_1_106' title='bbox 769 1819 805 1883; x_wconf 93' lang='lat' dir='ltr'><strong>in</strong></span> <span class='ocrx_word' id='word_1_107' title='bbox 824 1818 959 1885; x_wconf 80' lang='lat' dir='ltr'><strong>zodiaco</strong></span> <span class='ocrx_word' id='word_1_108' title='bbox 980 1818 1132 1884; x_wconf 88' lang='lat' dir='ltr'><strong>uideatur</strong></span> <span class='ocrx_word' id='word_1_109' title='bbox 1152 1818 1362 1904; x_wconf 70' lang='lat' dir='ltr'><strong>distinguere.</strong></span> <span class='ocrx_word' id='word_1_110' title='bbox 1403 1818 1442 1883; x_wconf 90' lang='lat' dir='ltr'><strong>ln</strong></span> <span class='ocrx_word' id='word_1_111' title='bbox 1465 1818 1582 1907; x_wconf 88' lang='lat' dir='ltr'><strong>quibus</strong></span> <span class='ocrx_word' id='word_1_112' title='bbox 1604 1816 1753 1883; x_wconf 86' lang='lat' dir='ltr'><strong>omnibus</strong></span> <span class='ocrx_word' id='word_1_113' title='bbox 1776 1820 1922 1901; x_wconf 77' lang='lat' dir='ltr'><strong>Susiani,</strong></span> <span class='ocrx_word' id='word_1_114' title='bbox 1956 1820 2068 1883; x_wconf 72' lang='lat' dir='ltr'><strong>Sarra·</strong></span> <span class='ocrx_word' id='word_1_115' title='bbox 2089 1832 2119 1883; x_wconf 78' lang='lat' dir='ltr'><strong>tt</strong></span> 
     </span>
     <span class='ocr_line' id='line_1_11' title="bbox 385 1932 2068 2021; baseline -0.001 -20"><span class='ocrx_word' id='word_1_116' title='bbox 385 1938 467 2001; x_wconf 87' lang='lat' dir='ltr'><strong>ceni</strong></span> <span class='ocrx_word' id='word_1_117' title='bbox 496 1950 528 2001; x_wconf 89' lang='lat' dir='ltr'><strong>et</strong></span> <span class='ocrx_word' id='word_1_118' title='bbox 556 1934 656 2002; x_wconf 80' lang='lat' dir='ltr'><strong>Greci</strong></span> <span class='ocrx_word' id='word_1_119' title='bbox 684 1936 718 2001; x_wconf 90' lang='lat' dir='ltr'><strong>ln</strong></span> <span class='ocrx_word' id='word_1_120' title='bbox 743 1932 988 2021; x_wconf 76' lang='lat' dir='ltr'><strong>magistralibus</strong></span> <span class='ocrx_word' id='word_1_121' title='bbox 1015 1936 1083 1999; x_wconf 91' lang='lat' dir='ltr'><strong>suis</strong></span> <span class='ocrx_word' id='word_1_122' title='bbox 1110 1932 1235 1999; x_wconf 86' lang='lat' dir='ltr'><strong>artibus</strong></span> <span class='ocrx_word' id='word_1_123' title='bbox 1266 1932 1407 2021; x_wconf 83' lang='lat' dir='ltr'><strong>quadam</strong></span> <span class='ocrx_word' id='word_1_124' title='bbox 1429 1932 1613 1999; x_wconf 73' lang='lat' dir='ltr'><strong>delectabili</strong></span> <span class='ocrx_word' id='word_1_125' title='bbox 1636 1936 1744 2021; x_wconf 87' lang='lat' dir='ltr'><strong>operis</strong></span> <span class='ocrx_word' id='word_1_126' title='bbox 1772 1934 1981 2001; x_wconf 85' lang='lat' dir='ltr'><strong>altercatione</strong></span> <span class='ocrx_word' id='word_1_127' title='bbox 2003 1934 2068 2021; x_wconf 76' lang='lat' dir='ltr'><strong>glo</strong></span> 
     </span>
     <span class='ocr_line' id='line_1_12' title="bbox 385 2048 2120 2137; baseline -0.005 -20"><span class='ocrx_word' id='word_1_128' title='bbox 385 2064 532 2117; x_wconf 76' lang='lat' dir='ltr'><strong>mantin.</strong></span> <span class='ocrx_word' id='word_1_129' title='bbox 573 2052 613 2117; x_wconf 92' lang='lat' dir='ltr'><strong>ln</strong></span> <span class='ocrx_word' id='word_1_130' title='bbox 644 2050 752 2117; x_wconf 87' lang='lat' dir='ltr'><strong>medio</strong></span> <span class='ocrx_word' id='word_1_131' title='bbox 785 2073 863 2117; x_wconf 89' lang='lat' dir='ltr'><strong>uero</strong></span> <span class='ocrx_word' id='word_1_132' title='bbox 898 2048 1018 2137; x_wconf 73' lang='lat' dir='ltr'><strong>palacii</strong></span> <span class='ocrx_word' id='word_1_133' title='bbox 1045 2048 1116 2115; x_wconf 93' lang='lat' dir='ltr'><strong>loco</strong></span> <span class='ocrx_word' id='word_1_134' title='bbox 1146 2052 1249 2115; x_wconf 84' lang='lat' dir='ltr'><strong>centri</strong></span> <span class='ocrx_word' id='word_1_135' title='bbox 1270 2063 1321 2115; x_wconf 89' lang='lat' dir='ltr'><strong>est</strong></span> <span class='ocrx_word' id='word_1_136' title='bbox 1341 2048 1479 2137; x_wconf 83' lang='lat' dir='ltr'><strong>quodum</strong></span> <span class='ocrx_word' id='word_1_137' title='bbox 1502 2051 1643 2115; x_wconf 86' lang='lat' dir='ltr'><strong>cisterna</strong></span> <span class='ocrx_word' id='word_1_138' title='bbox 1663 2048 1886 2115; x_wconf 85' lang='lat' dir='ltr'><strong>diuersissime</strong></span> <span class='ocrx_word' id='word_1_139' title='bbox 1909 2071 2069 2115; x_wconf 87' lang='lat' dir='ltr'><strong>marmore</strong></span> <span class='ocrx_word' id='word_1_140' title='bbox 2089 2058 2120 2109; x_wconf 79' lang='lat' dir='ltr'><strong>tt</strong></span> 
     </span>
     <span class='ocr_line' id='line_1_13' title="bbox 386 2162 2068 2255; baseline -0.001 -22"><span class='ocrx_word' id='word_1_141' title='bbox 386 2176 650 2247; x_wconf 86' lang='lat' dir='ltr'><strong>consternsta·)‚</strong></span> <span class='ocrx_word' id='word_1_142' title='bbox 679 2168 714 2231; x_wconf 93' lang='lat' dir='ltr'><strong>in</strong></span> <span class='ocrx_word' id='word_1_143' title='bbox 743 2188 808 2255; x_wconf 91' lang='lat' dir='ltr'><strong>qus</strong></span> <span class='ocrx_word' id='word_1_144' title='bbox 839 2167 946 2253; x_wconf 90' lang='lat' dir='ltr'><strong>ipsum</strong></span> <span class='ocrx_word' id='word_1_145' title='bbox 972 2186 1115 2231; x_wconf 88' lang='lat' dir='ltr'><strong>marmor</strong></span> <span class='ocrx_word' id='word_1_146' title='bbox 1141 2186 1184 2231; x_wconf 79' lang='lat' dir='ltr'><strong>ex</strong></span> <span class='ocrx_word' id='word_1_147' title='bbox 1212 2164 1369 2240; x_wconf 66' lang='lat' dir='ltr'><strong>diuersib)</strong></span> <span class='ocrx_word' id='word_1_148' title='bbox 1402 2164 1521 2231; x_wconf 88' lang='lat' dir='ltr'><strong>coloris</strong></span> <span class='ocrx_word' id='word_1_149' title='bbox 1542 2162 1661 2231; x_wconf 88' lang='lat' dir='ltr'><strong>tabulis</strong></span> <span class='ocrx_word' id='word_1_150' title='bbox 1684 2174 1886 2253; x_wconf 88' lang='lat' dir='ltr'><strong>compncturn</strong></span> <span class='ocrx_word' id='word_1_151' title='bbox 1909 2179 1939 2229; x_wconf 87' lang='lat' dir='ltr'><strong>et</strong></span> <span class='ocrx_word' id='word_1_152' title='bbox 1962 2178 2068 2231; x_wconf 88' lang='lat' dir='ltr'><strong>tamen</strong></span> 
     </span>
     <span class='ocr_line' id='line_1_14' title="bbox 386 2278 2070 2369; baseline -0.001 -22"><span class='ocrx_word' id='word_1_153' title='bbox 386 2281 527 2347; x_wconf 87' lang='lat' dir='ltr'><strong>ductum</strong></span> <span class='ocrx_word' id='word_1_154' title='bbox 549 2282 698 2369; x_wconf 88' lang='lat' dir='ltr'><strong>pollicem</strong></span> <span class='ocrx_word' id='word_1_155' title='bbox 719 2304 785 2347; x_wconf 91' lang='lat' dir='ltr'><strong>non</strong></span> <span class='ocrx_word' id='word_1_156' title='bbox 805 2278 973 2347; x_wconf 80' lang='lat' dir='ltr'><strong>offendens</strong></span> <span class='ocrx_word' id='word_1_157' title='bbox 993 2278 1245 2347; x_wconf 89' lang='lat' dir='ltr'><strong>innumerabiles</strong></span> <span class='ocrx_word' id='word_1_158' title='bbox 1267 2282 1383 2347; x_wconf 87' lang='lat' dir='ltr'><strong>florum</strong></span> <span class='ocrx_word' id='word_1_159' title='bbox 1406 2292 1545 2347; x_wconf 84' lang='lat' dir='ltr'><strong>ostentat</strong></span> <span class='ocrx_word' id='word_1_160' title='bbox 1567 2282 1758 2360; x_wconf 80' lang='lat' dir='ltr'><strong>uarietates,</strong></span> <span class='ocrx_word' id='word_1_161' title='bbox 1788 2304 1868 2369; x_wconf 88' lang='lat' dir='ltr'><strong>quas</strong></span> <span class='ocrx_word' id='word_1_162' title='bbox 1892 2304 1963 2347; x_wconf 87' lang='lat' dir='ltr'><strong>curn</strong></span> <span class='ocrx_word' id='word_1_163' title='bbox 1986 2278 2070 2345; x_wconf 91' lang='lat' dir='ltr'><strong>oculi</strong></span> 
     </span>
     <span class='ocr_line' id='line_1_15' title="bbox 387 2395 2120 2483; baseline -0.002 -20"><span class='ocrx_word' id='word_1_164' title='bbox 387 2396 575 2463; x_wconf 76' lang='lat' dir='ltr'><strong>tridentium</strong></span> <span class='ocrx_word' id='word_1_165' title='bbox 596 2397 797 2483; x_wconf 75' lang='lat' dir='ltr'><strong>distinguere</strong></span> <span class='ocrx_word' id='word_1_166' title='bbox 816 2395 977 2477; x_wconf 91' lang='lat' dir='ltr'><strong>laborant,</strong></span> <span class='ocrx_word' id='word_1_167' title='bbox 1001 2396 1232 2483; x_wconf 80' lang='lat' dir='ltr'><strong>disgregantur</strong></span> <span class='ocrx_word' id='word_1_168' title='bbox 1253 2411 1286 2463; x_wconf 89' lang='lat' dir='ltr'><strong>et</strong></span> <span class='ocrx_word' id='word_1_169' title='bbox 1306 2396 1496 2463; x_wconf 89' lang='lat' dir='ltr'><strong>illuduntur.</strong></span> <span class='ocrx_word' id='word_1_170' title='bbox 1531 2396 1567 2461; x_wconf 94' lang='lat' dir='ltr'><strong>ln</strong></span> <span class='ocrx_word' id='word_1_171' title='bbox 1582 2398 1673 2461; x_wconf 82' lang='lat' dir='ltr'><strong>cuins</strong></span> <span class='ocrx_word' id='word_1_172' title='bbox 1688 2395 1792 2461; x_wconf 87' lang='lat' dir='ltr'><strong>medio</strong></span> <span class='ocrx_word' id='word_1_173' title='bbox 1808 2396 1940 2483; x_wconf 87' lang='lat' dir='ltr'><strong>quidam</strong></span> <span class='ocrx_word' id='word_1_174' title='bbox 1959 2396 2069 2477; x_wconf 82' lang='lat' dir='ltr'><strong>draco,</strong></span> <span class='ocrx_word' id='word_1_175' title='bbox 2089 2410 2120 2459; x_wconf 79' lang='lat' dir='ltr'><strong>to</strong></span> 
     </span>
     <span class='ocr_line' id='line_1_16' title="bbox 386 2510 2070 2601; baseline -0.002 -22"><span class='ocrx_word' id='word_1_176' title='bbox 386 2514 449 2601; x_wconf 88' lang='lat' dir='ltr'><strong>qui</strong></span> <span class='ocrx_word' id='word_1_177' title='bbox 474 2512 668 2579; x_wconf 74' lang='lat' dir='ltr'><strong>animalibus</strong></span> <span class='ocrx_word' id='word_1_178' title='bbox 691 2512 757 2579; x_wconf 90' lang='lat' dir='ltr'><strong>illic</strong></span> <span class='ocrx_word' id='word_1_179' title='bbox 778 2511 918 2600; x_wconf 89' lang='lat' dir='ltr'><strong>depictis</strong></span> <span class='ocrx_word' id='word_1_180' title='bbox 940 2512 1066 2577; x_wconf 85' lang='lat' dir='ltr'><strong>inhiare</strong></span> <span class='ocrx_word' id='word_1_181' title='bbox 1086 2512 1231 2595; x_wconf 87' lang='lat' dir='ltr'><strong>uidetur,</strong></span> <span class='ocrx_word' id='word_1_182' title='bbox 1252 2512 1478 2599; x_wconf 72' lang='lat' dir='ltr'><strong>crystallinum</strong></span> <span class='ocrx_word' id='word_1_183' title='bbox 1499 2510 1660 2597; x_wconf 86' lang='lat' dir='ltr'><strong>quendam</strong></span> <span class='ocrx_word' id='word_1_184' title='bbox 1681 2514 1799 2577; x_wconf 82' lang='lat' dir='ltr'><strong>fontem</strong></span> <span class='ocrx_word' id='word_1_185' title='bbox 1824 2514 1962 2599; x_wconf 70' lang='lat' dir='ltr'><strong>penoris</strong></span> <span class='ocrx_word' id='word_1_186' title='bbox 1983 2525 2013 2575; x_wconf 81' lang='lat' dir='ltr'><strong>ct</strong></span> <span class='ocrx_word' id='word_1_187' title='bbox 2036 2514 2070 2576; x_wconf 91' lang='lat' dir='ltr'><strong>in</strong></span> 
     </span>
     <span class='ocr_line' id='line_1_17' title="bbox 389 2626 2069 2717; baseline -0.001 -24"><span class='ocrx_word' id='word_1_188' title='bbox 389 2628 575 2695; x_wconf 84' lang='lat' dir='ltr'><strong>sbundanti</strong></span> <span class='ocrx_word' id='word_1_189' title='bbox 597 2628 752 2717; x_wconf 71' lang='lat' dir='ltr'><strong>qualitate</strong></span> <span class='ocrx_word' id='word_1_190' title='bbox 773 2627 957 2715; x_wconf 84' lang='lat' dir='ltr'><strong>profundit,</strong></span> <span class='ocrx_word' id='word_1_191' title='bbox 983 2628 1029 2692; x_wconf 89' lang='lat' dir='ltr'><strong>ita</strong></span> <span class='ocrx_word' id='word_1_192' title='bbox 1048 2638 1083 2693; x_wconf 92' lang='lat' dir='ltr'><strong>ut</strong></span> <span class='ocrx_word' id='word_1_193' title='bbox 1104 2628 1171 2693; x_wconf 91' lang='lat' dir='ltr'><strong>alto</strong></span> <span class='ocrx_word' id='word_1_194' title='bbox 1192 2628 1345 2693; x_wconf 83' lang='lat' dir='ltr'><strong>desiliens</strong></span> <span class='ocrx_word' id='word_1_195' title='bbox 1367 2638 1491 2705; x_wconf 74' lang='lat' dir='ltr'><strong>serem,</strong></span> <span class='ocrx_word' id='word_1_196' title='bbox 1520 2650 1616 2714; x_wconf 89' lang='lat' dir='ltr'><strong>quem</strong></span> <span class='ocrx_word' id='word_1_197' title='bbox 1637 2630 1777 2693; x_wconf 77' lang='lat' dir='ltr'><strong>fenestre</strong></span> <span class='ocrx_word' id='word_1_198' title='bbox 1800 2628 1934 2715; x_wconf 90' lang='lat' dir='ltr'><strong>pulchro</strong></span> <span class='ocrx_word' id='word_1_199' title='bbox 1956 2626 2069 2693; x_wconf 89' lang='lat' dir='ltr'><strong>ordine</strong></span> 
     </span>
     <span class='ocr_line' id='line_1_18' title="bbox 389 2742 2120 2833; baseline -0.001 -24"><span class='ocrx_word' id='word_1_200' title='bbox 389 2766 435 2809; x_wconf 83' lang='lat' dir='ltr'><strong>ex</strong></span> <span class='ocrx_word' id='word_1_201' title='bbox 458 2746 546 2809; x_wconf 87' lang='lat' dir='ltr'><strong>omni</strong></span> <span class='ocrx_word' id='word_1_202' title='bbox 567 2744 668 2809; x_wconf 86' lang='lat' dir='ltr'><strong>lstcrc</strong></span> <span class='ocrx_word' id='word_1_203' title='bbox 689 2744 945 2823; x_wconf 82' lang='lat' dir='ltr'><strong>subministrant,</strong></span> <span class='ocrx_word' id='word_1_204' title='bbox 967 2754 1112 2831; x_wconf 86' lang='lat' dir='ltr'><strong>tempore</strong></span> <span class='ocrx_word' id='word_1_205' title='bbox 1133 2742 1251 2809; x_wconf 87' lang='lat' dir='ltr'><strong>caloris</strong></span> <span class='ocrx_word' id='word_1_206' title='bbox 1273 2744 1434 2809; x_wconf 89' lang='lat' dir='ltr'><strong>humectct</strong></span> <span class='ocrx_word' id='word_1_207' title='bbox 1452 2756 1483 2807; x_wconf 90' lang='lat' dir='ltr'><strong>ct</strong></span> <span class='ocrx_word' id='word_1_208' title='bbox 1505 2742 1647 2829; x_wconf 79' lang='lat' dir='ltr'><strong>frigidet.</strong></span> <span class='ocrx_word' id='word_1_209' title='bbox 1691 2744 1768 2831; x_wconf 89' lang='lat' dir='ltr'><strong>Ipsa</strong></span> <span class='ocrx_word' id='word_1_210' title='bbox 1790 2746 1893 2809; x_wconf 86' lang='lat' dir='ltr'><strong>eciam</strong></span> <span class='ocrx_word' id='word_1_211' title='bbox 1910 2766 2005 2833; x_wconf 87' lang='lat' dir='ltr'><strong>aqua,</strong></span> <span class='ocrx_word' id='word_1_212' title='bbox 2027 2766 2068 2807; x_wconf 86' lang='lat' dir='ltr'><strong>ex</strong></span> <span class='ocrx_word' id='word_1_213' title='bbox 2088 2768 2120 2819; x_wconf 71' lang='lat' dir='ltr'><strong>rs</strong></span> 
     </span>
     <span class='ocr_line' id='line_1_19' title="bbox 389 2858 2067 2947; baseline 0.001 -24"><span class='ocrx_word' id='word_1_214' title='bbox 389 2860 483 2923; x_wconf 87' lang='lat' dir='ltr'><strong>omni</strong></span> <span class='ocrx_word' id='word_1_215' title='bbox 507 2873 599 2947; x_wconf 88' lang='lat' dir='ltr'><strong>parte</strong></span> <span class='ocrx_word' id='word_1_216' title='bbox 620 2862 759 2925; x_wconf 87' lang='lat' dir='ltr'><strong>cisterno</strong></span> <span class='ocrx_word' id='word_1_217' title='bbox 781 2871 988 2947; x_wconf 81' lang='lat' dir='ltr'><strong>perstrepens</strong></span> <span class='ocrx_word' id='word_1_218' title='bbox 1010 2860 1097 2923; x_wconf 89' lang='lat' dir='ltr'><strong>etin</strong></span> <span class='ocrx_word' id='word_1_219' title='bbox 1119 2858 1347 2924; x_wconf 87' lang='lat' dir='ltr'><strong>subtilissimos</strong></span> <span class='ocrx_word' id='word_1_220' title='bbox 1369 2882 1466 2946; x_wconf 86' lang='lat' dir='ltr'><strong>poros</strong></span> <span class='ocrx_word' id='word_1_221' title='bbox 1497 2882 1531 2923; x_wconf 90' lang='lat' dir='ltr'><strong>se</strong></span> <span class='ocrx_word' id='word_1_222' title='bbox 1553 2860 1729 2945; x_wconf 85' lang='lat' dir='ltr'><strong>recipiens,</strong></span> <span class='ocrx_word' id='word_1_223' title='bbox 1758 2882 1901 2925; x_wconf 88' lang='lat' dir='ltr'><strong>somnum</strong></span> <span class='ocrx_word' id='word_1_224' title='bbox 1924 2862 1991 2925; x_wconf 79' lang='lat' dir='ltr'><strong>stris</strong></span> <span class='ocrx_word' id='word_1_225' title='bbox 2014 2860 2067 2925; x_wconf 90' lang='lat' dir='ltr'><strong>do·</strong></span> 
     </span>
     <span class='ocr_line' id='line_1_20' title="bbox 391 2972 2068 3053; baseline 0 -14"><span class='ocrx_word' id='word_1_226' title='bbox 391 2975 492 3039; x_wconf 90' lang='lat' dir='ltr'><strong>minis</strong></span> <span class='ocrx_word' id='word_1_227' title='bbox 513 2974 733 3040; x_wconf 71' lang='lat' dir='ltr'><strong>insidentibus</strong></span> <span class='ocrx_word' id='word_1_228' title='bbox 755 2972 874 3040; x_wconf 89' lang='lat' dir='ltr'><strong>blando</strong></span> <span class='ocrx_word' id='word_1_229' title='bbox 893 2996 1056 3039; x_wconf 88' lang='lat' dir='ltr'><strong>murmure</strong></span> <span class='ocrx_word' id='word_1_230' title='bbox 1075 2972 1219 3053; x_wconf 80' lang='lat' dir='ltr'><strong>inducit3</strong></span> <span class='ocrx_word' id='word_1_231' title='bbox 1240 2976 1293 3039; x_wconf 88' lang='lat' dir='ltr'><strong>cni</strong></span> <span class='ocrx_word' id='word_1_232' title='bbox 1314 2974 1465 3039; x_wconf 84' lang='lat' dir='ltr'><strong>omnibus</strong></span> <span class='ocrx_word' id='word_1_233' title='bbox 1485 2974 1600 3039; x_wconf 89' lang='lat' dir='ltr'><strong>diebus</strong></span> <span class='ocrx_word' id='word_1_234' title='bbox 1622 2976 1702 3041; x_wconf 87' lang='lat' dir='ltr'><strong>mels</strong></span> <span class='ocrx_word' id='word_1_235' title='bbox 1724 2974 1861 3043; x_wconf 88' lang='lat' dir='ltr'><strong>libenter</strong></span> <span class='ocrx_word' id='word_1_236' title='bbox 1880 2976 2068 3041; x_wconf 86' lang='lat' dir='ltr'><strong>assiderem.</strong></span> 
     </span>
    </p>

    <p class='ocr_par' dir='ltr' id='par_1_3' title="bbox 393 3087 2121 3620">
     <span class='ocr_line' id='line_1_21' title="bbox 515 3087 2117 3178; baseline 0 -23"><span class='ocrx_word' id='word_1_237' title='bbox 515 3090 592 3177; x_wconf 89' lang='lat' dir='ltr'><strong>Ipsa</strong></span> <span class='ocrx_word' id='word_1_238' title='bbox 611 3113 689 3155; x_wconf 87' lang='lat' dir='ltr'><strong>uero</strong></span> <span class='ocrx_word' id='word_1_239' title='bbox 710 3092 838 3170; x_wconf 84' lang='lat' dir='ltr'><strong>ciuitas,</strong></span> <span class='ocrx_word' id='word_1_240' title='bbox 860 3112 923 3178; x_wconf 91' lang='lat' dir='ltr'><strong>que</strong></span> <span class='ocrx_word' id='word_1_241' title='bbox 944 3088 1018 3155; x_wconf 88' lang='lat' dir='ltr'><strong>huie</strong></span> <span class='ocrx_word' id='word_1_242' title='bbox 1039 3098 1148 3155; x_wconf 78' lang='lat' dir='ltr'><strong>cestro</strong></span> <span class='ocrx_word' id='word_1_243' title='bbox 1171 3087 1309 3169; x_wconf 79' lang='lat' dir='ltr'><strong>ediscet,</strong></span> <span class='ocrx_word' id='word_1_244' title='bbox 1332 3110 1509 3177; x_wconf 74' lang='lat' dir='ltr'><strong>pauperem</strong></span> <span class='ocrx_word' id='word_1_245' title='bbox 1531 3090 1630 3157; x_wconf 87' lang='lat' dir='ltr'><strong>bsbet</strong></span> <span class='ocrx_word' id='word_1_246' title='bbox 1653 3092 1876 3177; x_wconf 88' lang='lat' dir='ltr'><strong>episcopatum</strong></span> <span class='ocrx_word' id='word_1_247' title='bbox 1899 3106 1930 3155; x_wconf 89' lang='lat' dir='ltr'><strong>et</strong></span> <span class='ocrx_word' id='word_1_248' title='bbox 1947 3090 2067 3157; x_wconf 85' lang='lat' dir='ltr'><strong>clerum</strong></span> <span class='ocrx_word' id='word_1_249' title='bbox 2087 3114 2117 3163; x_wconf 80' lang='lat' dir='ltr'><strong>lt</strong></span> 
     </span>
     <span class='ocr_line' id='line_1_22' title="bbox 393 3194 2121 3310; baseline -0.001 -39"><span class='ocrx_word' id='word_1_250' title='bbox 393 3206 493 3271; x_wconf 84' lang='lat' dir='ltr'><strong>nnldo</strong></span> <span class='ocrx_word' id='word_1_251' title='bbox 518 3206 716 3291; x_wconf 77' lang='lat' dir='ltr'><strong>religiosum.</strong></span> <span class='ocrx_word' id='word_1_252' title='bbox 757 3204 864 3271; x_wconf 81' lang='lat' dir='ltr'><strong>Extra</strong></span> <span class='ocrx_word' id='word_1_253' title='bbox 893 3227 1003 3270; x_wconf 88' lang='lat' dir='ltr'><strong>muros</strong></span> <span class='ocrx_word' id='word_1_254' title='bbox 1032 3203 1116 3270; x_wconf 87' lang='lat' dir='ltr'><strong>illins</strong></span> <span class='ocrx_word' id='word_1_255' title='bbox 1136 3216 1335 3270; x_wconf 86' lang='lat' dir='ltr'><strong>monstratur</strong></span> <span class='ocrx_word' id='word_1_256' title='bbox 1355 3210 1538 3285; x_wconf 72' lang='lat' dir='ltr'><strong>sepulchrum</strong></span> <span class='ocrx_word' id='word_1_257' title='bbox 1562 3210 1688 3267; x_wconf 77' lang='lat' dir='ltr'><strong>Simonis</strong></span> <span class='ocrx_word' id='word_1_258' title='bbox 1720 3220 1747 3267; x_wconf 79' lang='lat' dir='ltr'><strong>ct</strong></span> <span class='ocrx_word' id='word_1_259' title='bbox 1768 3210 1900 3285; x_wconf 57' lang='grc'><strong>1221211).</strong></span> <span class='ocrx_word' id='word_1_260' title='bbox 1943 3208 1981 3273; x_wconf 92' lang='lat' dir='ltr'><strong>ln</strong></span> <span class='ocrx_word' id='word_1_261' title='bbox 2005 3230 2068 3297; x_wconf 88' lang='lat' dir='ltr'><strong>qno</strong></span> <span class='ocrx_word' id='word_1_262' title='bbox 2089 3194 2121 3310; x_wconf 46' lang='grc' dir='ltr'><strong>ἐξ</strong></span> 
     </span>
     <span class='ocr_line' id='line_1_23' title="bbox 393 3318 2069 3411; baseline 0 -24"><span class='ocrx_word' id='word_1_263' title='bbox 393 3321 468 3387; x_wconf 92' lang='lat' dir='ltr'><strong>loco</strong></span> <span class='ocrx_word' id='word_1_264' title='bbox 489 3320 664 3411; x_wconf 84' lang='lat' dir='ltr'><strong>aliquunde</strong></span> <span class='ocrx_word' id='word_1_265' title='bbox 686 3334 757 3387; x_wconf 92' lang='lat' dir='ltr'><strong>erat</strong></span> <span class='ocrx_word' id='word_1_266' title='bbox 779 3319 955 3385; x_wconf 85' lang='lat' dir='ltr'><strong>claustrum</strong></span> <span class='ocrx_word' id='word_1_267' title='bbox 977 3318 1070 3385; x_wconf 89' lang='lat' dir='ltr'><strong>diues</strong></span> <span class='ocrx_word' id='word_1_268' title='bbox 1090 3322 1124 3385; x_wconf 93' lang='lat' dir='ltr'><strong>in</strong></span> <span class='ocrx_word' id='word_1_269' title='bbox 1147 3320 1269 3387; x_wconf 89' lang='lat' dir='ltr'><strong>bonore</strong></span> <span class='ocrx_word' id='word_1_270' title='bbox 1290 3320 1451 3399; x_wconf 75' lang='lat' dir='ltr'><strong>illorum‘)</strong></span> <span class='ocrx_word' id='word_1_271' title='bbox 1474 3332 1707 3405; x_wconf 62' lang='lat' dir='ltr'><strong>constructum</strong></span> <span class='ocrx_word' id='word_1_272' title='bbox 1730 3321 1816 3409; x_wconf 90' lang='lat' dir='ltr'><strong>quod</strong></span> <span class='ocrx_word' id='word_1_273' title='bbox 1839 3322 1901 3409; x_wconf 84' lang='lat' dir='ltr'><strong>ipsi</strong></span> <span class='ocrx_word' id='word_1_274' title='bbox 1925 3322 2069 3389; x_wconf 83' lang='lat' dir='ltr'><strong>infideles</strong></span> 
     </span>
     <span class='ocr_line' id='line_1_24' title="bbox 393 3434 2068 3527; baseline 0.001 -24"><span class='ocrx_word' id='word_1_275' title='bbox 393 3441 527 3527; x_wconf 88' lang='lat' dir='ltr'><strong>penitus</strong></span> <span class='ocrx_word' id='word_1_276' title='bbox 549 3436 768 3519; x_wconf 78' lang='lat' dir='ltr'><strong>diurdserunt3</strong></span> <span class='ocrx_word' id='word_1_277' title='bbox 791 3460 851 3524; x_wconf 90' lang='lat' dir='ltr'><strong>pro</strong></span> <span class='ocrx_word' id='word_1_278' title='bbox 873 3458 936 3523; x_wconf 89' lang='lat' dir='ltr'><strong>quo</strong></span> <span class='ocrx_word' id='word_1_279' title='bbox 958 3436 1044 3501; x_wconf 83' lang='lat' dir='ltr'><strong>sacto</strong></span> <span class='ocrx_word' id='word_1_280' title='bbox 1064 3437 1166 3502; x_wconf 90' lang='lat' dir='ltr'><strong>nostri</strong></span> <span class='ocrx_word' id='word_1_281' title='bbox 1188 3458 1299 3503; x_wconf 90' lang='lat' dir='ltr'><strong>eorum</strong></span> <span class='ocrx_word' id='word_1_282' title='bbox 1320 3440 1462 3503; x_wconf 80' lang='lat' dir='ltr'><strong>oratorio</strong></span> <span class='ocrx_word' id='word_1_283' title='bbox 1484 3438 1534 3503; x_wconf 88' lang='lat' dir='ltr'><strong>sui</strong></span> <span class='ocrx_word' id='word_1_284' title='bbox 1555 3434 1764 3513; x_wconf 65' lang='lat' dir='ltr'><strong>Molionetid)</strong></span> <span class='ocrx_word' id='word_1_285' title='bbox 1788 3438 1982 3523; x_wconf 85' lang='lat' dir='ltr'><strong>condignam</strong></span> <span class='ocrx_word' id='word_1_286' title='bbox 1998 3437 2068 3505; x_wconf 86' lang='lat' dir='ltr'><strong>red·</strong></span> 
     </span>
     <span class='ocr_line' id='line_1_25' title="bbox 395 3550 733 3620; baseline -0.012 0"><span class='ocrx_word' id='word_1_287' title='bbox 395 3554 550 3620; x_wconf 84' lang='lat' dir='ltr'><strong>diderunt</strong></span> <span class='ocrx_word' id='word_1_288' title='bbox 570 3550 733 3617; x_wconf 76' lang='lat' dir='ltr'><strong>talionem.</strong></span> 
     </span>
    </p>

    <p class='ocr_par' dir='ltr' id='par_1_4' title="bbox 392 3666 2121 3987">
     <span class='ocr_line' id='line_1_26' title="bbox 519 3666 2121 3758; baseline 0.001 -23"><span class='ocrx_word' id='word_1_289' title='bbox 519 3668 558 3735; x_wconf 93' lang='lat' dir='ltr'><strong>ln</strong></span> <span class='ocrx_word' id='word_1_290' title='bbox 584 3668 646 3733; x_wconf 89' lang='lat' dir='ltr'><strong>bac</strong></span> <span class='ocrx_word' id='word_1_291' title='bbox 678 3668 809 3733; x_wconf 78' lang='lat' dir='ltr'><strong>ciuitate</strong></span> <span class='ocrx_word' id='word_1_292' title='bbox 835 3668 940 3755; x_wconf 90' lang='lat' dir='ltr'><strong>primo</strong></span> <span class='ocrx_word' id='word_1_293' title='bbox 971 3666 1113 3732; x_wconf 90' lang='lat' dir='ltr'><strong>uidimus</strong></span> <span class='ocrx_word' id='word_1_294' title='bbox 1134 3688 1231 3753; x_wconf 84' lang='lat' dir='ltr'><strong>poma</strong></span> <span class='ocrx_word' id='word_1_295' title='bbox 1252 3666 1387 3747; x_wconf 83' lang='lat' dir='ltr'><strong>Adami,</strong></span> <span class='ocrx_word' id='word_1_296' title='bbox 1420 3682 1451 3733; x_wconf 88' lang='lat' dir='ltr'><strong>et</strong></span> <span class='ocrx_word' id='word_1_297' title='bbox 1474 3682 1547 3757; x_wconf 88' lang='lat' dir='ltr'><strong>post</strong></span> <span class='ocrx_word' id='word_1_298' title='bbox 1569 3672 1726 3735; x_wconf 88' lang='lat' dir='ltr'><strong>sensimus</strong></span> <span class='ocrx_word' id='word_1_299' title='bbox 1752 3668 1913 3751; x_wconf 79' lang='lat' dir='ltr'><strong>conulem,</strong></span> <span class='ocrx_word' id='word_1_300' title='bbox 1943 3668 1983 3735; x_wconf 89' lang='lat' dir='ltr'><strong>de</strong></span> <span class='ocrx_word' id='word_1_301' title='bbox 2006 3691 2070 3758; x_wconf 92' lang='lat' dir='ltr'><strong>quo</strong></span> <span class='ocrx_word' id='word_1_302' title='bbox 2087 3686 2121 3737; x_wconf 82' lang='lat' dir='ltr'><strong>to</strong></span> 
     </span>
     <span class='ocr_line' id='line_1_27' title="bbox 392 3780 2117 3873; baseline 0 -22"><span class='ocrx_word' id='word_1_303' title='bbox 392 3788 587 3873; x_wconf 84' lang='lat' dir='ltr'><strong>excoquitur</strong></span> <span class='ocrx_word' id='word_1_304' title='bbox 618 3806 800 3849; x_wconf 86' lang='lat' dir='ltr'><strong>zuccarum.</strong></span> <span class='ocrx_word' id='word_1_305' title='bbox 847 3782 929 3847; x_wconf 87' lang='lat' dir='ltr'><strong>Item</strong></span> <span class='ocrx_word' id='word_1_306' title='bbox 960 3782 993 3847; x_wconf 90' lang='lat' dir='ltr'><strong>in</strong></span> <span class='ocrx_word' id='word_1_307' title='bbox 1021 3780 1084 3847; x_wconf 90' lang='lat' dir='ltr'><strong>bac</strong></span> <span class='ocrx_word' id='word_1_308' title='bbox 1112 3780 1289 3871; x_wconf 86' lang='lat' dir='ltr'><strong>aliquunde</strong></span> <span class='ocrx_word' id='word_1_309' title='bbox 1319 3784 1410 3849; x_wconf 87' lang='lat' dir='ltr'><strong>eicon</strong></span> <span class='ocrx_word' id='word_1_310' title='bbox 1438 3784 1572 3851; x_wconf 84' lang='lat' dir='ltr'><strong>Domini</strong></span> <span class='ocrx_word' id='word_1_311' title='bbox 1600 3808 1620 3851; x_wconf 88' lang='grc' dir='ltr'><strong>ιι</strong></span> <span class='ocrx_word' id='word_1_312' title='bbox 1649 3784 1755 3851; x_wconf 86' lang='lat' dir='ltr'><strong>iudeis</strong></span> <span class='ocrx_word' id='word_1_313' title='bbox 1784 3786 1931 3851; x_wconf 78' lang='lat' dir='ltr'><strong>crncifixi</strong></span> <span class='ocrx_word' id='word_1_314' title='bbox 1959 3786 2071 3852; x_wconf 86' lang='lat' dir='ltr'><strong>ell&#39;udit</strong></span> <span class='ocrx_word' id='word_1_315' title='bbox 2087 3802 2117 3853; x_wconf 88' lang='grc' dir='ltr'><strong>2ι</strong></span> 
     </span>
     <span class='ocr_line' id='line_1_28' title="bbox 392 3896 2120 3987; baseline -0.001 -20"><span class='ocrx_word' id='word_1_316' title='bbox 392 3900 586 3987; x_wconf 80' lang='lat' dir='ltr'><strong>sanguinem</strong></span> <span class='ocrx_word' id='word_1_317' title='bbox 608 3913 639 3963; x_wconf 89' lang='lat' dir='ltr'><strong>et</strong></span> <span class='ocrx_word' id='word_1_318' title='bbox 660 3921 778 3987; x_wconf 87' lang='lat' dir='ltr'><strong>aquarn</strong></span> <span class='ocrx_word' id='word_1_319' title='bbox 793 3900 845 3975; x_wconf 57' lang='grc'><strong>52..</strong></span> <span class='ocrx_word' id='word_1_320' title='bbox 886 3896 958 3961; x_wconf 89' lang='lat' dir='ltr'><strong>llec</strong></span> <span class='ocrx_word' id='word_1_321' title='bbox 979 3897 1095 3963; x_wconf 89' lang='lat' dir='ltr'><strong>ciuitas</strong></span> <span class='ocrx_word' id='word_1_322' title='bbox 1116 3896 1217 3963; x_wconf 72' lang='lat' dir='ltr'><strong>distet</strong></span> <span class='ocrx_word' id='word_1_323' title='bbox 1240 3922 1261 3964; x_wconf 88' lang='lat' dir='ltr'><strong>s</strong></span> <span class='ocrx_word' id='word_1_324' title='bbox 1283 3900 1405 3965; x_wconf 68' lang='lat' dir='ltr'><strong>Sidone</strong></span> <span class='ocrx_word' id='word_1_325' title='bbox 1428 3924 1485 3965; x_wconf 80' lang='lat' dir='ltr'><strong>sex</strong></span> <span class='ocrx_word' id='word_1_326' title='bbox 1507 3900 1596 3967; x_wconf 90' lang='lat' dir='ltr'><strong>milia</strong></span> <span class='ocrx_word' id='word_1_327' title='bbox 1618 3898 1789 3987; x_wconf 77' lang='lat' dir='ltr'><strong>gallicana.</strong></span> <span class='ocrx_word' id='word_1_328' title='bbox 2087 3914 2120 3967; x_wconf 87' lang='grc'><strong>22</strong></span> 
     </span>
    </p>

    <p class='ocr_par' dir='ltr' id='par_1_5' title="bbox 392 4012 2103 4685">
     <span class='ocr_line' id='line_1_29' title="bbox 520 4012 2101 4105; baseline 0.002 -27"><span class='ocrx_word' id='word_1_329' title='bbox 520 4014 574 4079; x_wconf 78' lang='lat' dir='ltr'><strong>l&#39;l</strong></span> <span class='ocrx_word' id='word_1_330' title='bbox 615 4014 695 4079; x_wconf 89' lang='lat' dir='ltr'><strong>Inde</strong></span> <span class='ocrx_word' id='word_1_331' title='bbox 718 4028 790 4101; x_wconf 87' lang='lat' dir='ltr'><strong>post</strong></span> <span class='ocrx_word' id='word_1_332' title='bbox 813 4014 957 4101; x_wconf 77' lang='lat' dir='ltr'><strong>requiem</strong></span> <span class='ocrx_word' id='word_1_333' title='bbox 979 4012 1116 4077; x_wconf 88' lang='lat' dir='ltr'><strong>duorum</strong></span> <span class='ocrx_word' id='word_1_334' title='bbox 1138 4012 1262 4079; x_wconf 90' lang='lat' dir='ltr'><strong>dierum</strong></span> <span class='ocrx_word' id='word_1_335' title='bbox 1285 4016 1431 4081; x_wconf 85' lang='lat' dir='ltr'><strong>uenimus</strong></span> <span class='ocrx_word' id='word_1_336' title='bbox 1456 4020 1586 4081; x_wconf 76' lang='lat' dir='ltr'><strong>Gibctetlr</strong></span> <span class='ocrx_word' id='word_1_337' title='bbox 1600 4020 1654 4099; x_wconf 78' lang='lat'><strong>⁵¹),</strong></span> <span class='ocrx_word' id='word_1_338' title='bbox 1686 4039 1781 4104; x_wconf 88' lang='lat' dir='ltr'><strong>quarn</strong></span> <span class='ocrx_word' id='word_1_339' title='bbox 1813 4018 1986 4105; x_wconf 87' lang='lat' dir='ltr'><strong>opiscopus</strong></span> <span class='ocrx_word' id='word_1_340' title='bbox 2008 4016 2101 4083; x_wconf 81' lang='lat' dir='ltr'><strong>locil</strong></span> 
     </span>
     <span class='ocr_line' id='line_1_30' title="bbox 393 4126 2068 4221; baseline 0.002 -24"><span class='ocrx_word' id='word_1_341' title='bbox 393 4130 482 4197; x_wconf 87' lang='lat' dir='ltr'><strong>illius</strong></span> <span class='ocrx_word' id='word_1_342' title='bbox 496 4134 655 4193; x_wconf 78' lang='lat' dir='ltr'><strong>Billioses</strong></span> <span class='ocrx_word' id='word_1_343' title='bbox 675 4126 873 4216; x_wconf 77' lang='lat' dir='ltr'><strong>appellabat,</strong></span> <span class='ocrx_word' id='word_1_344' title='bbox 894 4150 1044 4193; x_wconf 84' lang='lat' dir='ltr'><strong>asserens</strong></span> <span class='ocrx_word' id='word_1_345' title='bbox 1065 4126 1174 4193; x_wconf 85' lang='lat' dir='ltr'><strong>Biblis</strong></span> <span class='ocrx_word' id='word_1_346' title='bbox 1194 4130 1228 4195; x_wconf 87' lang='lat' dir='ltr'><strong>in</strong></span> <span class='ocrx_word' id='word_1_347' title='bbox 1250 4153 1290 4195; x_wconf 90' lang='lat' dir='ltr'><strong>ca</strong></span> <span class='ocrx_word' id='word_1_348' title='bbox 1312 4132 1417 4219; x_wconf 88' lang='lat' dir='ltr'><strong>primo</strong></span> <span class='ocrx_word' id='word_1_349' title='bbox 1440 4130 1593 4197; x_wconf 86' lang='lat' dir='ltr'><strong>hebraico</strong></span> <span class='ocrx_word' id='word_1_350' title='bbox 1615 4130 1700 4219; x_wconf 73' lang='lat' dir='ltr'><strong>stylo</strong></span> <span class='ocrx_word' id='word_1_351' title='bbox 1718 4132 1817 4197; x_wconf 84' lang='lat' dir='ltr'><strong>luisse</strong></span> <span class='ocrx_word' id='word_1_352' title='bbox 1834 4132 2068 4221; x_wconf 80' lang='lat' dir='ltr'><strong>complletn⁵²).</strong></span> 
     </span>
     <span class='ocr_line' id='line_1_31' title="bbox 393 4242 2103 4335; baseline 0.002 -24"><span class='ocrx_word' id='word_1_353' title='bbox 393 4246 467 4312; x_wconf 90' lang='lat' dir='ltr'><strong>llcc</strong></span> <span class='ocrx_word' id='word_1_354' title='bbox 493 4259 544 4311; x_wconf 85' lang='lat' dir='ltr'><strong>est</strong></span> <span class='ocrx_word' id='word_1_355' title='bbox 570 4248 685 4311; x_wconf 85' lang='lat' dir='ltr'><strong>ciuitas</strong></span> <span class='ocrx_word' id='word_1_356' title='bbox 714 4267 836 4333; x_wconf 83' lang='lat' dir='ltr'><strong>psrua,</strong></span> <span class='ocrx_word' id='word_1_357' title='bbox 862 4242 986 4309; x_wconf 86' lang='lat' dir='ltr'><strong>habens</strong></span> <span class='ocrx_word' id='word_1_358' title='bbox 1014 4246 1130 4309; x_wconf 92' lang='lat' dir='ltr'><strong>turrim</strong></span> <span class='ocrx_word' id='word_1_359' title='bbox 1158 4244 1322 4335; x_wconf 87' lang='lat' dir='ltr'><strong>quandam</strong></span> <span class='ocrx_word' id='word_1_360' title='bbox 1352 4244 1495 4335; x_wconf 88' lang='lat' dir='ltr'><strong>amplam</strong></span> <span class='ocrx_word' id='word_1_361' title='bbox 1518 4260 1549 4313; x_wconf 89' lang='lat' dir='ltr'><strong>et</strong></span> <span class='ocrx_word' id='word_1_362' title='bbox 1570 4250 1835 4325; x_wconf 83' lang='lat' dir='ltr'><strong>munitissimam,</strong></span> <span class='ocrx_word' id='word_1_363' title='bbox 1863 4248 1992 4315; x_wconf 89' lang='lat' dir='ltr'><strong>unicum</strong></span> <span class='ocrx_word' id='word_1_364' title='bbox 2012 4256 2103 4315; x_wconf 86' lang='lat' dir='ltr'><strong>sue²</strong></span> 
     </span>
     <span class='ocr_line' id='line_1_32' title="bbox 393 4358 2069 4449; baseline 0.002 -24"><span class='ocrx_word' id='word_1_365' title='bbox 393 4361 592 4427; x_wconf 80' lang='lat' dir='ltr'><strong>defensionis</strong></span> <span class='ocrx_word' id='word_1_366' title='bbox 612 4362 787 4443; x_wconf 86' lang='lat' dir='ltr'><strong>solacium,</strong></span> <span class='ocrx_word' id='word_1_367' title='bbox 813 4360 847 4424; x_wconf 89' lang='lat' dir='ltr'><strong>in</strong></span> <span class='ocrx_word' id='word_1_368' title='bbox 868 4382 934 4447; x_wconf 85' lang='lat' dir='ltr'><strong>qna</strong></span> <span class='ocrx_word' id='word_1_369' title='bbox 954 4358 1143 4441; x_wconf 64' lang='lat' dir='ltr'><strong>Saraceni,</strong></span> <span class='ocrx_word' id='word_1_370' title='bbox 1171 4384 1243 4425; x_wconf 93' lang='lat' dir='ltr'><strong>curn</strong></span> <span class='ocrx_word' id='word_1_371' title='bbox 1264 4362 1370 4449; x_wconf 86' lang='lat' dir='ltr'><strong>ipsam</strong></span> <span class='ocrx_word' id='word_1_372' title='bbox 1391 4362 1531 4428; x_wconf 74' lang='lat' dir='ltr'><strong>aussllcro</strong></span> <span class='ocrx_word' id='word_1_373' title='bbox 1561 4362 1763 4445; x_wconf 87' lang='lat' dir='ltr'><strong>luborarent,</strong></span> <span class='ocrx_word' id='word_1_374' title='bbox 1793 4362 1912 4431; x_wconf 90' lang='lat' dir='ltr'><strong>multos</strong></span> <span class='ocrx_word' id='word_1_375' title='bbox 1934 4364 2069 4431; x_wconf 87' lang='lat' dir='ltr'><strong>sudores</strong></span> 
     </span>
     <span class='ocr_line' id='line_1_33' title="bbox 393 4475 2067 4565; baseline 0.001 -22"><span class='ocrx_word' id='word_1_376' title='bbox 393 4478 505 4565; x_wconf 87' lang='lat' dir='ltr'><strong>sepina</strong></span> <span class='ocrx_word' id='word_1_377' title='bbox 528 4475 739 4565; x_wconf 87' lang='lat' dir='ltr'><strong>perdiderunt</strong></span> <span class='ocrx_word' id='word_1_378' title='bbox 760 4491 793 4543; x_wconf 88' lang='lat' dir='ltr'><strong>ct</strong></span> <span class='ocrx_word' id='word_1_379' title='bbox 813 4498 991 4563; x_wconf 78' lang='lat' dir='ltr'><strong>expensas,</strong></span> <span class='ocrx_word' id='word_1_380' title='bbox 1022 4477 1078 4563; x_wconf 90' lang='lat' dir='ltr'><strong>qui</strong></span> <span class='ocrx_word' id='word_1_381' title='bbox 1107 4486 1216 4541; x_wconf 84' lang='lat' dir='ltr'><strong>tsmcn</strong></span> <span class='ocrx_word' id='word_1_382' title='bbox 1238 4480 1417 4555; x_wconf 75' lang='lat' dir='ltr'><strong>omnem⁵³)</strong></span> <span class='ocrx_word' id='word_1_383' title='bbox 1447 4480 1690 4553; x_wconf 81' lang='lat' dir='ltr'><strong>munitionem.)</strong></span> <span class='ocrx_word' id='word_1_384' title='bbox 1719 4480 1823 4565; x_wconf 88' lang='lat' dir='ltr'><strong>ipsius</strong></span> <span class='ocrx_word' id='word_1_385' title='bbox 1850 4481 1991 4545; x_wconf 84' lang='lat' dir='ltr'><strong>ciuitatis</strong></span> <span class='ocrx_word' id='word_1_386' title='bbox 2014 4478 2067 4545; x_wconf 91' lang='lat' dir='ltr'><strong>de·</strong></span> 
     </span>
     <span class='ocr_line' id='line_1_34' title="bbox 392 4590 2101 4685; baseline 0 -28"><span class='ocrx_word' id='word_1_387' title='bbox 392 4604 592 4657; x_wconf 80' lang='lat' dir='ltr'><strong>struxerunt.</strong></span> <span class='ocrx_word' id='word_1_388' title='bbox 633 4592 767 4659; x_wconf 91' lang='lat' dir='ltr'><strong>Portum</strong></span> <span class='ocrx_word' id='word_1_389' title='bbox 797 4590 895 4659; x_wconf 82' lang='lat' dir='ltr'><strong>habet</strong></span> <span class='ocrx_word' id='word_1_390' title='bbox 925 4592 1039 4679; x_wconf 88' lang='lat' dir='ltr'><strong>paruis</strong></span> <span class='ocrx_word' id='word_1_391' title='bbox 1068 4590 1209 4657; x_wconf 88' lang='lat' dir='ltr'><strong>nauibus</strong></span> <span class='ocrx_word' id='word_1_392' title='bbox 1236 4593 1318 4657; x_wconf 89' lang='lat' dir='ltr'><strong>satis</strong></span> <span class='ocrx_word' id='word_1_393' title='bbox 1345 4594 1566 4676; x_wconf 88' lang='lat' dir='ltr'><strong>commodum,</strong></span> <span class='ocrx_word' id='word_1_394' title='bbox 1600 4616 1676 4661; x_wconf 87' lang='lat' dir='ltr'><strong>raro</strong></span> <span class='ocrx_word' id='word_1_395' title='bbox 1704 4596 1959 4685; x_wconf 79' lang='lat' dir='ltr'><strong>frequentatum,</strong></span> <span class='ocrx_word' id='word_1_396' title='bbox 1993 4596 2101 4683; x_wconf 75' lang='lat' dir='ltr'><strong>quint</strong></span> 
     </span>
    </p>
   </div>
   <div class='ocr_carea' id='block_1_3' title="bbox 395 4708 1528 4875">
    <p class='ocr_par' dir='ltr' id='par_1_6' title="bbox 395 4708 1528 4875">
     <span class='ocr_line' id='line_1_35' title="bbox 395 4708 640 4795; baseline -0.024 -22"><span class='ocrx_word' id='word_1_397' title='bbox 395 4708 466 4773; x_wconf 82' lang='lat' dir='ltr'><strong>eius</strong></span> <span class='ocrx_word' id='word_1_398' title='bbox 488 4717 640 4795; x_wconf 81' lang='lat' dir='ltr'><strong>tanquam</strong></span> 
     </span>
     <span class='ocr_line' id='line_1_36' title="bbox 923 4792 1528 4875; baseline -0.02 -13"><span class='ocrx_word' id='word_1_399' title='bbox 923 4792 1078 4873; x_wconf 60' lang='lat' dir='ltr'><strong>„pauperis</strong></span> <span class='ocrx_word' id='word_1_400' title='bbox 1099 4804 1145 4853; x_wconf 82' lang='lat' dir='ltr'><strong>cst</strong></span> <span class='ocrx_word' id='word_1_401' title='bbox 1165 4814 1319 4855; x_wconf 80' lang='lat' dir='ltr'><strong>numerare</strong></span> <span class='ocrx_word' id='word_1_402' title='bbox 1343 4796 1464 4875; x_wconf 65' lang='lat' dir='ltr'><strong>pscns&#39;,</strong></span> <span class='ocrx_word' id='word_1_403' title='bbox 1479 4796 1528 4869; x_wconf 67' lang='grc' dir='ltr'><strong>Η),</strong></span> 
     </span>
    </p>
   </div>
   <div class='ocr_carea' id='block_1_4' title="bbox 460 4918 2068 5241">
    <p class='ocr_par' dir='ltr' id='par_1_7' title="bbox 460 4918 2068 5241">
     <span class='ocr_line' id='line_1_37' title="bbox 460 4918 2065 4987; baseline 0.001 -14"><span class='ocrx_word' id='word_1_404' title='bbox 460 4925 488 4983; x_wconf 75' lang='lat' dir='ltr'><strong>st</strong></span> <span class='ocrx_word' id='word_1_405' title='bbox 505 4927 676 4975; x_wconf 63' lang='lat' dir='ltr'><strong>condamm</strong></span> <span class='ocrx_word' id='word_1_406' title='bbox 694 4918 726 4975; x_wconf 85' lang='lat' dir='ltr'><strong>B.</strong></span> <span class='ocrx_word' id='word_1_407' title='bbox 749 4926 889 4973; x_wconf 66' lang='lat' dir='ltr'><strong>commata</strong></span> <span class='ocrx_word' id='word_1_408' title='bbox 908 4918 957 4973; x_wconf 77' lang='lat' dir='ltr'><strong>Ed.</strong></span> <span class='ocrx_word' id='word_1_409' title='bbox 993 4918 1048 4973; x_wconf 80' lang='lat' dir='ltr'><strong>Sed</strong></span> <span class='ocrx_word' id='word_1_410' title='bbox 1070 4918 1123 4975; x_wconf 82' lang='lat' dir='ltr'><strong>hoe</strong></span> <span class='ocrx_word' id='word_1_411' title='bbox 1148 4928 1191 4975; x_wconf 84' lang='lat' dir='ltr'><strong>est</strong></span> <span class='ocrx_word' id='word_1_412' title='bbox 1214 4922 1391 4987; x_wconf 82' lang='lat' dir='ltr'><strong>correctoris,</strong></span> <span class='ocrx_word' id='word_1_413' title='bbox 1415 4940 1468 4977; x_wconf 90' lang='lat' dir='ltr'><strong>non</strong></span> <span class='ocrx_word' id='word_1_414' title='bbox 1488 4922 1608 4979; x_wconf 74' lang='lat' dir='ltr'><strong>nlitorin</strong></span> <span class='ocrx_word' id='word_1_415' title='bbox 1627 4954 1658 4967; x_wconf 92' lang='lat'><strong>·-</strong></span> <span class='ocrx_word' id='word_1_416' title='bbox 1678 4921 1706 4986; x_wconf 85' lang='lat' dir='ltr'><strong>b)</strong></span> <span class='ocrx_word' id='word_1_417' title='bbox 1723 4924 1842 4977; x_wconf 82' lang='lat' dir='ltr'><strong>‹ls&#39;orrrs&#39;s</strong></span> <span class='ocrx_word' id='word_1_418' title='bbox 1861 4922 1946 4977; x_wconf 78' lang='lat' dir='ltr'><strong>end.</strong></span> <span class='ocrx_word' id='word_1_419' title='bbox 1985 4920 2065 4987; x_wconf 86' lang='lat' dir='ltr'><strong>Quod</strong></span> 
     </span>
     <span class='ocr_line' id='line_1_38' title="bbox 526 5000 2068 5073; baseline 0.001 -15"><span class='ocrx_word' id='word_1_420' title='bbox 526 5004 700 5061; x_wconf 79' lang='lat' dir='ltr'><strong>correximus.</strong></span> <span class='ocrx_word' id='word_1_421' title='bbox 716 5032 749 5045; x_wconf 89' lang='lat'>-</span> <span class='ocrx_word' id='word_1_422' title='bbox 767 5008 797 5068; x_wconf 87' lang='lat' dir='ltr'><strong>c)</strong></span> <span class='ocrx_word' id='word_1_423' title='bbox 815 5002 926 5057; x_wconf 72' lang='lat' dir='ltr'><strong>silom</strong></span> <span class='ocrx_word' id='word_1_424' title='bbox 944 5000 974 5057; x_wconf 84' lang='lat' dir='ltr'><strong>B.</strong></span> <span class='ocrx_word' id='word_1_425' title='bbox 994 5003 1117 5073; x_wconf 71' lang='lat' dir='ltr'><strong>ipsorum</strong></span> <span class='ocrx_word' id='word_1_426' title='bbox 1135 5004 1186 5058; x_wconf 75' lang='lat' dir='ltr'><strong>lid.</strong></span> <span class='ocrx_word' id='word_1_427' title='bbox 1199 5034 1231 5047; x_wconf 89' lang='lat'><strong>-·</strong></span> <span class='ocrx_word' id='word_1_428' title='bbox 1250 5004 1280 5073; x_wconf 76' lang='lat' dir='ltr'><strong>d)</strong></span> <span class='ocrx_word' id='word_1_429' title='bbox 1296 5004 1355 5059; x_wconf 75' lang='lat' dir='ltr'><strong>sun</strong></span> <span class='ocrx_word' id='word_1_430' title='bbox 1373 5004 1539 5061; x_wconf 74' lang='lat' dir='ltr'><strong>llnlometr&#39;s</strong></span> <span class='ocrx_word' id='word_1_431' title='bbox 1553 5005 1584 5060; x_wconf 82' lang='grc' dir='ltr'><strong>Β.</strong></span> <span class='ocrx_word' id='word_1_432' title='bbox 1603 5006 1649 5059; x_wconf 80' lang='lat' dir='ltr'><strong>sui</strong></span> <span class='ocrx_word' id='word_1_433' title='bbox 1666 5006 1832 5061; x_wconf 64' lang='lat' dir='ltr'><strong>,theomesis</strong></span> <span class='ocrx_word' id='word_1_434' title='bbox 1844 5006 1893 5061; x_wconf 80' lang='lat' dir='ltr'><strong>Ed.</strong></span> <span class='ocrx_word' id='word_1_435' title='bbox 1910 5036 1939 5047; x_wconf 95' lang='lat'>-</span> <span class='ocrx_word' id='word_1_436' title='bbox 1958 5012 1985 5066; x_wconf 86' lang='lat' dir='ltr'><strong>e)</strong></span> <span class='ocrx_word' id='word_1_437' title='bbox 2004 5004 2068 5061; x_wconf 83' lang='lat' dir='ltr'><strong>liet</strong></span> 
     </span>
     <span class='ocr_line' id='line_1_39' title="bbox 526 5086 2067 5161; baseline 0.001 -20"><span class='ocrx_word' id='word_1_438' title='bbox 526 5086 576 5142; x_wconf 74' lang='lat' dir='ltr'><strong>Ed.</strong></span> <span class='ocrx_word' id='word_1_439' title='bbox 596 5104 635 5157; x_wconf 90' lang='lat' dir='ltr'><strong>pr.</strong></span> <span class='ocrx_word' id='word_1_440' title='bbox 658 5086 791 5141; x_wconf 84' lang='lat' dir='ltr'><strong>emittunt</strong></span> <span class='ocrx_word' id='word_1_441' title='bbox 813 5104 872 5141; x_wconf 87' lang='lat' dir='ltr'><strong>roc.</strong></span> <span class='ocrx_word' id='word_1_442' title='bbox 899 5086 1073 5139; x_wconf 68' lang='lat' dir='ltr'><strong>seruitiorum</strong></span> <span class='ocrx_word' id='word_1_443' title='bbox 1098 5086 1245 5141; x_wconf 78' lang='lat' dir='ltr'><strong>babentes:</strong></span> <span class='ocrx_word' id='word_1_444' title='bbox 1268 5089 1316 5155; x_wconf 73' lang='lat' dir='ltr'><strong>qui</strong></span> <span class='ocrx_word' id='word_1_445' title='bbox 1338 5096 1426 5143; x_wconf 77' lang='lat' dir='ltr'><strong>tornes</strong></span> <span class='ocrx_word' id='word_1_446' title='bbox 1450 5108 1552 5145; x_wconf 72' lang='lat' dir='ltr'><strong>emm</strong></span> <span class='ocrx_word' id='word_1_447' title='bbox 1577 5092 1665 5161; x_wconf 80' lang='lat' dir='ltr'><strong>ipsius</strong></span> <span class='ocrx_word' id='word_1_448' title='bbox 1681 5090 1805 5143; x_wconf 77' lang='lat' dir='ltr'><strong>ciuitatis</strong></span> <span class='ocrx_word' id='word_1_449' title='bbox 1821 5092 2016 5145; x_wconf 56' lang='grc' dir='ltr'><strong>ὤπτα-222.</strong></span> <span class='ocrx_word' id='word_1_450' title='bbox 2036 5120 2067 5129; x_wconf 92' lang='lat'><strong>-—</strong></span> 
     </span>
     <span class='ocr_line' id='line_1_40' title="bbox 526 5168 1228 5241; baseline 0.003 -18"><span class='ocrx_word' id='word_1_451' title='bbox 526 5169 553 5234; x_wconf 79' lang='grc'><strong>1)</strong></span> <span class='ocrx_word' id='word_1_452' title='bbox 571 5170 685 5225; x_wconf 77' lang='lat' dir='ltr'><strong>i&#39;ersnm</strong></span> <span class='ocrx_word' id='word_1_453' title='bbox 704 5186 759 5225; x_wconf 90' lang='lat' dir='ltr'><strong>non</strong></span> <span class='ocrx_word' id='word_1_454' title='bbox 775 5169 901 5223; x_wconf 80' lang='lat' dir='ltr'><strong>distinxit</strong></span> <span class='ocrx_word' id='word_1_455' title='bbox 913 5186 1003 5241; x_wconf 82' lang='lat' dir='ltr'><strong>neque</strong></span> <span class='ocrx_word' id='word_1_456' title='bbox 1020 5168 1053 5237; x_wconf 82' lang='lat' dir='ltr'><strong>B,</strong></span> <span class='ocrx_word' id='word_1_457' title='bbox 1070 5186 1161 5241; x_wconf 58' lang='lat' dir='ltr'><strong>nulus</strong></span> <span class='ocrx_word' id='word_1_458' title='bbox 1177 5169 1228 5225; x_wconf 74' lang='lat' dir='ltr'><strong>nt</strong></span> 
     </span>
    </p>
   </div>
   <div class='ocr_carea' id='block_1_5' title="bbox 390 5288 2069 5469">
    <p class='ocr_par' dir='ltr' id='par_1_8' title="bbox 390 5288 2069 5469">
     <span class='ocr_line' id='line_1_41' title="bbox 393 5288 2069 5377; baseline 0.001 -26"><span class='ocrx_word' id='word_1_459' title='bbox 393 5292 545 5372; x_wconf 68' lang='lat' dir='ltr'><strong>utriunpm</strong></span> <span class='ocrx_word' id='word_1_460' title='bbox 565 5302 633 5349; x_wconf 89' lang='lat' dir='ltr'><strong>sunt</strong></span> <span class='ocrx_word' id='word_1_461' title='bbox 652 5292 773 5349; x_wconf 86' lang='lat' dir='ltr'><strong>turrium</strong></span> <span class='ocrx_word' id='word_1_462' title='bbox 794 5300 891 5371; x_wconf 69' lang='lat' dir='ltr'><strong>partes</strong></span> <span class='ocrx_word' id='word_1_463' title='bbox 911 5290 1043 5361; x_wconf 84' lang='lat' dir='ltr'><strong>infimae,</strong></span> <span class='ocrx_word' id='word_1_464' title='bbox 1063 5288 1212 5371; x_wconf 76' lang='lat' dir='ltr'><strong>lapidibus</strong></span> <span class='ocrx_word' id='word_1_465' title='bbox 1316 5297 1367 5365; x_wconf 73' lang='grc'><strong>61)</strong></span> <span class='ocrx_word' id='word_1_466' title='bbox 1393 5292 1533 5371; x_wconf 80' lang='lat' dir='ltr'><strong>Gibeletlr]</strong></span> <span class='ocrx_word' id='word_1_467' title='bbox 1560 5292 1745 5355; x_wconf 81' lang='lat' dir='ltr'><strong>Burcbsrdus</strong></span> <span class='ocrx_word' id='word_1_468' title='bbox 1773 5318 1803 5377; x_wconf 91' lang='lat' dir='ltr'><strong>p.</strong></span> <span class='ocrx_word' id='word_1_469' title='bbox 1831 5296 1867 5355; x_wconf 86' lang='grc'><strong>21</strong></span> <span class='ocrx_word' id='word_1_470' title='bbox 1898 5292 1998 5355; x_wconf 79' lang='lat' dir='ltr'><strong>scribit</strong></span> <span class='ocrx_word' id='word_1_471' title='bbox 2024 5294 2069 5355; x_wconf 76' lang='lat' dir='ltr'><strong>st-</strong></span> 
     </span>
     <span class='ocr_line' id='line_1_42' title="bbox 390 5388 1342 5469; baseline 0 -18"><span class='ocrx_word' id='word_1_472' title='bbox 390 5392 566 5451; x_wconf 80' lang='lat' dir='ltr'><strong>trsnsssrsis</strong></span> <span class='ocrx_word' id='word_1_473' title='bbox 585 5408 652 5449; x_wconf 86' lang='lat' dir='ltr'><strong>enm</strong></span> <span class='ocrx_word' id='word_1_474' title='bbox 672 5409 756 5449; x_wconf 87' lang='lat' dir='ltr'><strong>muro</strong></span> <span class='ocrx_word' id='word_1_475' title='bbox 777 5390 841 5469; x_wconf 88' lang='lat' dir='ltr'><strong>ipso</strong></span> <span class='ocrx_word' id='word_1_476' title='bbox 861 5388 1044 5449; x_wconf 76' lang='lat' dir='ltr'><strong>coninnrtss</strong></span> <span class='ocrx_word' id='word_1_477' title='bbox 1251 5388 1342 5451; x_wconf 85' lang='lat' dir='ltr'><strong>blsth.</strong></span> 
     </span>
    </p>
   </div>
   <div class='ocr_carea' id='block_1_6' title="bbox 393 5490 2068 5719">
    <p class='ocr_par' dir='ltr' id='par_1_9' title="bbox 393 5490 2068 5719">
     <span class='ocr_line' id='line_1_43' title="bbox 454 5490 2068 5615; baseline -0.025 -14"><span class='ocrx_word' id='word_1_478' title='bbox 454 5544 502 5615; x_wconf 70' lang='lat' dir='ltr'><strong>to</strong></span> <span class='ocrx_word' id='word_1_479' title='bbox 527 5540 656 5599; x_wconf 80' lang='lat' dir='ltr'><strong>Sirrsonir</strong></span> <span class='ocrx_word' id='word_1_480' title='bbox 677 5546 705 5595; x_wconf 85' lang='lat' dir='ltr'><strong>et</strong></span> <span class='ocrx_word' id='word_1_481' title='bbox 723 5536 804 5613; x_wconf 81' lang='lat' dir='ltr'><strong>Irnle]</strong></span> <span class='ocrx_word' id='word_1_482' title='bbox 827 5536 925 5599; x_wconf 58' lang='lat' dir='ltr'><strong>linctu</strong></span> <span class='ocrx_word' id='word_1_483' title='bbox 942 5537 1101 5609; x_wconf 81' lang='lat' dir='ltr'><strong>notatione,</strong></span> <span class='ocrx_word' id='word_1_484' title='bbox 1122 5548 1154 5599; x_wconf 90' lang='lat' dir='ltr'><strong>ut</strong></span> <span class='ocrx_word' id='word_1_485' title='bbox 1169 5539 1211 5599; x_wconf 74' lang='lat' dir='ltr'><strong>si.</strong></span> <span class='ocrx_word' id='word_1_486' title='bbox 1282 5588 1291 5603; x_wconf 35' lang='lat'><em>⁶</em></span> <span class='ocrx_word' id='word_1_487' title='bbox 1314 5496 1367 5603; x_wconf 44' lang='grc'><strong>,52)</strong></span> <span class='ocrx_word' id='word_1_488' title='bbox 1389 5490 1550 5551; x_wconf 56' lang='lat' dir='ltr'><strong>mmmm</strong></span> <span class='ocrx_word' id='word_1_489' title='bbox 1572 5522 1612 5537; x_wconf 86' lang='lat'><strong>&#39;¹&#39;</strong></span> <span class='ocrx_word' id='word_1_490' title='bbox 1635 5492 1800 5569; x_wconf 65' lang='lat' dir='ltr'><strong>⁶⁰&#39;&#39;ll&#39;ll‘ll‘ll</strong></span> <span class='ocrx_word' id='word_1_491' title='bbox 1834 5490 1985 5607; x_wconf 56' lang='lat' dir='ltr'><strong>Dssfl&#39;fllh</strong></span> <span class='ocrx_word' id='word_1_492' title='bbox 2018 5512 2068 5553; x_wconf 72' lang='lat'><strong>⁰0·</strong></span> 
     </span>
     <span class='ocr_line' id='line_1_44' title="bbox 393 5588 1995 5719; baseline -0.015 -23"><span class='ocrx_word' id='word_1_493' title='bbox 393 5635 487 5709; x_wconf 85' lang='lat' dir='ltr'><strong>detur,</strong></span> <span class='ocrx_word' id='word_1_494' title='bbox 508 5638 635 5717; x_wconf 73' lang='lat' dir='ltr'><strong>dignus,</strong></span> <span class='ocrx_word' id='word_1_495' title='bbox 655 5636 726 5715; x_wconf 84' lang='lat' dir='ltr'><strong>quis</strong></span> <span class='ocrx_word' id='word_1_496' title='bbox 746 5636 877 5697; x_wconf 69' lang='lat' dir='ltr'><strong>Simonis</strong></span> <span class='ocrx_word' id='word_1_497' title='bbox 896 5650 927 5697; x_wconf 84' lang='lat' dir='ltr'><strong>et</strong></span> <span class='ocrx_word' id='word_1_498' title='bbox 947 5635 1040 5698; x_wconf 87' lang='lat' dir='ltr'><strong>ludse</strong></span> <span class='ocrx_word' id='word_1_499' title='bbox 1062 5638 1211 5719; x_wconf 81' lang='lat' dir='ltr'><strong>apostolo·</strong></span> <span class='ocrx_word' id='word_1_500' title='bbox 1251 5608 1338 5649; x_wconf 64' lang='lat' dir='ltr'><strong>mm</strong></span> <span class='ocrx_word' id='word_1_501' title='bbox 1362 5588 1498 5651; x_wconf 55' lang='lat' dir='ltr'><strong>&#39;bum</strong></span> <span class='ocrx_word' id='word_1_502' title='bbox 1542 5588 1728 5649; x_wconf 61' lang='lat' dir='ltr'><strong>Bmlmdm</strong></span> <span class='ocrx_word' id='word_1_503' title='bbox 1750 5588 1838 5649; x_wconf 52' lang='lat' dir='ltr'><strong>hm</strong></span> <span class='ocrx_word' id='word_1_504' title='bbox 1859 5588 1995 5655; x_wconf 68' lang='lat' dir='ltr'><strong>B¹bl¹⁰¹²</strong></span> 
     </span>
    </p>
   </div>
   <div class='ocr_carea' id='block_1_7' title="bbox 393 5686 2069 6045">
    <p class='ocr_par' dir='ltr' id='par_1_10' title="bbox 393 5686 2069 6045">
     <span class='ocr_line' id='line_1_45' title="bbox 393 5686 2069 5816; baseline 0.002 -70"><span class='ocrx_word' id='word_1_505' title='bbox 393 5754 457 5795; x_wconf 63' lang='lat' dir='ltr'><strong>m</strong></span> <span class='ocrx_word' id='word_1_506' title='bbox 478 5736 614 5816; x_wconf 43' lang='lat' dir='ltr'><strong>tepula·</strong></span> <span class='ocrx_word' id='word_1_507' title='bbox 633 5736 698 5795; x_wconf 50' lang='lat' dir='ltr'><strong>‘m&#39;</strong></span> <span class='ocrx_word' id='word_1_508' title='bbox 719 5734 809 5813; x_wconf 50' lang='lat' dir='ltr'><strong>vulgo</strong></span> <span class='ocrx_word' id='word_1_509' title='bbox 829 5734 903 5795; x_wconf 61' lang='grc' dir='ltr'><strong>1οὼ</strong></span> <span class='ocrx_word' id='word_1_510' title='bbox 923 5756 989 5797; x_wconf 58' lang='lat' dir='ltr'><strong><em>m</em></strong></span> <span class='ocrx_word' id='word_1_511' title='bbox 1009 5734 1169 5797; x_wconf 43' lang='lat' dir='ltr'><strong>mamm·</strong></span> <span class='ocrx_word' id='word_1_512' title='bbox 1251 5784 1259 5800; x_wconf 89' lang='lat'><strong>.</strong></span> <span class='ocrx_word' id='word_1_513' title='bbox 1314 5692 1365 5749; x_wconf 80' lang='grc'><strong>531</strong></span> <span class='ocrx_word' id='word_1_514' title='bbox 1388 5688 1507 5765; x_wconf 73' lang='lat' dir='ltr'><strong>msere}</strong></span> <span class='ocrx_word' id='word_1_515' title='bbox 1530 5686 1643 5749; x_wconf 75' lang='lat' dir='ltr'><strong>voest.</strong></span> <span class='ocrx_word' id='word_1_516' title='bbox 1665 5690 1850 5749; x_wconf 77' lang='lat' dir='ltr'><strong>munitionem</strong></span> <span class='ocrx_word' id='word_1_517' title='bbox 1872 5690 2069 5751; x_wconf 76' lang='lat' dir='ltr'><strong>econleelurs</strong></span> 
     </span>
     <span class='ocr_line' id='line_1_46' title="bbox 453 5804 2069 5967; baseline 0.001 -24"><span class='ocrx_word' id='word_1_518' title='bbox 453 5890 501 5955; x_wconf 79' lang='lat' dir='ltr'><strong>to,</strong></span> <span class='ocrx_word' id='word_1_519' title='bbox 526 5884 607 5943; x_wconf 70' lang='lat' dir='ltr'><strong>siros</strong></span> <span class='ocrx_word' id='word_1_520' title='bbox 628 5916 669 5929; x_wconf 93' lang='lat'>-</span> <span class='ocrx_word' id='word_1_521' title='bbox 689 5884 808 5963; x_wconf 56' lang='lat' dir='ltr'><strong>ovans}</strong></span> <span class='ocrx_word' id='word_1_522' title='bbox 829 5882 876 5945; x_wconf 84' lang='lat' dir='ltr'><strong>Cl&#39;.</strong></span> <span class='ocrx_word' id='word_1_523' title='bbox 897 5882 1098 5945; x_wconf 77' lang='lat' dir='ltr'><strong>Bmchsrdum</strong></span> <span class='ocrx_word' id='word_1_524' title='bbox 1118 5906 1148 5967; x_wconf 91' lang='lat' dir='ltr'><strong>p.</strong></span> <span class='ocrx_word' id='word_1_525' title='bbox 1170 5888 1209 5947; x_wconf 85' lang='grc'><strong>27</strong></span> <span class='ocrx_word' id='word_1_526' title='bbox 1250 5804 1531 5963; x_wconf 41' lang='lat' dir='ltr'><strong>multllmgbbpcris</strong></span> <span class='ocrx_word' id='word_1_527' title='bbox 1552 5916 1591 5931; x_wconf 91' lang='lat'><em>-</em></span> <span class='ocrx_word' id='word_1_528' title='bbox 1611 5886 1710 5963; x_wconf 80' lang='lat' dir='ltr'><strong>perus]</strong></span> <span class='ocrx_word' id='word_1_529' title='bbox 1735 5884 1770 5949; x_wconf 89' lang='lat' dir='ltr'><strong>V.</strong></span> <span class='ocrx_word' id='word_1_530' title='bbox 1791 5886 1878 5947; x_wconf 75' lang='lat' dir='ltr'><strong>ovid.</strong></span> <span class='ocrx_word' id='word_1_531' title='bbox 1898 5886 1966 5949; x_wconf 85' lang='lat' dir='ltr'><strong>llet.</strong></span> <span class='ocrx_word' id='word_1_532' title='bbox 1979 5884 2069 5955; x_wconf 78' lang='lat' dir='ltr'><strong>Xlll,</strong></span> 
     </span>
     <span class='ocr_line' id='line_1_47' title="bbox 394 5979 1322 6045; baseline 0.004 -4"><span class='ocrx_word' id='word_1_533' title='bbox 394 5980 452 6041; x_wconf 75' lang='grc' dir='ltr'><strong>ΠΙ.</strong></span> <span class='ocrx_word' id='word_1_534' title='bbox 479 5985 513 6039; x_wconf 71' lang='lat' dir='ltr'><strong>ld</strong></span> <span class='ocrx_word' id='word_1_535' title='bbox 534 5992 564 6037; x_wconf 83' lang='lat' dir='ltr'><strong>st</strong></span> <span class='ocrx_word' id='word_1_536' title='bbox 582 5979 737 6045; x_wconf 80' lang='lat' dir='ltr'><strong>Robinson</strong></span> <span class='ocrx_word' id='word_1_537' title='bbox 757 5984 816 6045; x_wconf 85' lang='lat' dir='ltr'><strong>lll.</strong></span> <span class='ocrx_word' id='word_1_538' title='bbox 839 5988 906 6045; x_wconf 76' lang='lat' dir='ltr'><strong>m.</strong></span> <span class='ocrx_word' id='word_1_539' title='bbox 1252 5986 1322 6045; x_wconf 70' lang='grc'><strong>824.</strong></span> 
     </span>
    </p>
   </div>
   <div class='ocr_carea' id='block_1_8' title="bbox 0 0 2663 7042">
    <p class='ocr_par' dir='ltr' id='par_1_11' title="bbox 0 0 2663 7042">
     <span class='ocr_line' id='line_1_48' title="bbox 0 0 2663 7042; baseline 0 0"><span class='ocrx_word' id='word_1_540' title='bbox 0 0 2663 7042; x_wconf 95' lang='lat' dir='ltr'><strong> </strong></span> 
     </span>
    </p>
   </div>
  </div>
 </body>
</html>
