5284 7042
1194 730 1253 790 109

515 906 597 973 Inde
624 907 813 971 festinantes
841 918 980 993 quatuor
1007 904 1149 971 miliaria
1175 904 1209 969 in
1231 910 1391 967 Iordanem
1423 904 1603 969 iuueuimus
1632 906 1724 969 iuxta
1745 903 1918 969 Iordanem
1946 902 2063 987 locum,
2081 920 2113 973 tt

391 1024 447 1089 vbi
468 1022 638 1091 habitabat
659 1021 772 1087 beatus
792 1020 953 1087 Iohannes
973 1020 1128 1109 baptista
1164 1018 1229 1085 Vbi
1251 1020 1285 1085 in
1308 1020 1497 1087 memoriam
1519 1040 1609 1083 suam
1630 1030 1679 1085 est
1693 1018 1862 1107 pulchrum
1877 1042 2061 1085 montuman-
2081 1032 2113 1079 uu

389 1154 466 1205 tum
506 1138 557 1205 lhi
577 1138 611 1203 in
632 1136 715 1203 sesto
737 1137 910 1224 epiphanie
931 1136 1112 1201 invenimus
1136 1134 1342 1204 Christianos
1363 1134 1406 1199 ad
1431 1132 1640 1221 baptismum,
1661 1134 1746 1199 vltra
1766 1134 1877 1199 decem
1899 1134 1999 1217 milis,
2022 1160 2063 1201 ex
2082 1144 2114 1195 ³⁴

390 1256 478 1319 omni
510 1252 630 1341 populo
656 1263 690 1319 st
717 1253 860 1319 nacione.
900 1250 950 1317 lbi
971 1251 1192 1317 edificauimus
1213 1250 1318 1316 altare
1342 1252 1435 1317 iuxta
1454 1250 1583 1329 flumen,
1607 1248 1660 1315 vbi
1684 1250 1918 1317 celebrauirnus
1939 1263 1970 1315 et
1992 1274 2062 1338 pre·
2082 1258 2114 1307 ³⁵

390 1368 571 1435 dicauirnus
592 1382 624 1433 ct
645 1368 885 1455 baptiaauimus
904 1366 1082 1451 gaudentes
1103 1380 1137 1431 et
1156 1367 1278 1432 flentes.
1321 1368 1403 1435 Cum
1432 1376 1538 1433 autem
1560 1366 1663 1430 omnis
1684 1365 1822 1453 populus
1842 1364 2064 1452 baptizaretur
2081 1374 2114 1423 ³⁰

391 1498 426 1550 et
449 1482 604 1549 clamaret
625 1486 858 1563 ,Kyrieleiroa⁸‘,
879 1494 987 1547 tantus
1008 1482 1068 1547 fuit
1088 1482 1182 1548 fletus
1203 1496 1236 1547 et
1255 1482 1410 1565 ululatus,
1443 1481 1528 1573 quod
1559 1480 1754 1569 putabamus
1776 1480 1909 1567 angelos
1932 1480 2063 1546 descen·

394 1600 484 1665 disse
510 1598 552 1664 de
583 1596 651 1663 celo
681 1609 713 1663 et
733 1620 813 1663 voce
835 1596 969 1685 quenda
990 1597 1159 1664 nobiseum
1180 1597 1421 1679 clamantes²⁸).
1471 1598 1514 1663 Et
1536 1608 1611 1663 tune
1633 1598 1834 1663 cantauimus
1862 1596 2064 1683 euangelium
2082 1610 2113 1660 st

392 1716 549 1797 „Factam
570 1728 619 1779 est
639 1724 755 1795 autem,
778 1736 850 1779 cunt
872 1713 1095 1801 baptizaretur
1116 1716 1220 1779 omnis
1241 1715 1410 1803 poptdus.“

516 1829 594 1895 lude
615 1853 635 1896 a
654 1830 793 1895 Iordane
820 1828 1024 1895 ascendimus
1044 1828 1230 1895 adurentem
1251 1836 1454 1911 temptacioais
1476 1834 1509 1897 in
1532 1830 1677 1911 deserto,
1711 1828 1765 1893 vbi
1790 1826 1904 1893 duetus
1927 1840 1976 1891 est
1997 1826 2062 1892 lhe
2083 1834 2115 1883 ³!

391 1970 467 2028 ans,
490 1961 521 2009 et
542 1945 575 2009 in
596 1944 738 2026 loeo²³),
758 1944 814 2009 vbi
838 1946 991 2010 iciunauit
1013 1943 1230 2031 quadraginta
1251 1944 1365 2011 diebus
1389 1960 1420 2011 et
1440 1946 1657 2035 quadraginta
1679 1942 1836 2009 noctibus.
1881 1942 1939 2007 Est
1962 1944 2064 2007 eseiam
2083 1954 2115 2005 tt

394 2060 440 2126 ihi
462 2060 651 2125 ecclesiast
673 2059 763 2125 nella
806 2058 869 2124 Vbi
891 2058 1093 2123 celebrantes
1114 2074 1145 2123 et
1167 2060 1372 2147 predicantes
1393 2062 1501 2127 mtdtis
1528 2063 1740 2143 Christianis,
1761 2062 1814 2147 qui
1838 2068 2115 2135 consenescente

390 2191 421 2241 et
445 2174 623 2255 heremitis,
655 2178 711 2261 qui
734 2174 944 2241 morabantur
970 2174 1110 2256 ibidem,
1138 2175 1310 2241 didicimus
1337 2176 1378 2241 ub
1401 2182 1446 2243 eis
1471 2178 1571 2243 multa
1591 2176 1663 2241 leea
1684 2190 1715 2241 et
1736 2176 1919 2241 mansiones
1943 2174 2064 2239 Christi

393 2316 452 2379 per
471 2290 626 2357 ordinem.

515 2406 595 2471 lude
627 2406 787 2471 duxerunt
815 2428 873 2471 nos
901 2404 944 2471 ad
973 2404 1078 2471 locum
1110 2420 1141 2471 et
1162 2405 1206 2471 ad
1227 2420 1367 2473 montem
1391 2408 1525 2474 multum
1546 2407 1693 2473 altiorem
1717 2420 1747 2471 et
1771 2406 1866 2471 valde
1889 2404 2064 2483 diiiieilem,
2083 2404 2111 2453 ⁴¹

395 2522 437 2587 ad
467 2520 619 2603 eundem,
647 2521 704 2585 uhi
725 2518 875 2586 diabulus
896 2524 1072 2609 assumpsit
1093 2522 1221 2589 ihesum
1244 2535 1275 2586 et
1296 2524 1438 2589 ostendit
1458 2526 1486 2589 ei
1510 2526 1618 2589 omnia
1638 2544 1739 2607 regna
1760 2520 1880 2587 mundi.
1923 2520 1966 2585 Et
1988 2542 2064 2585 vere
2083 2520 2114 2571 ⁴²

395 2638 488 2703 loeus
509 2651 559 2701 est
578 2648 675 2725 aptus
695 2637 905 2724 temptacioui
927 2648 958 2699 et
980 2636 1170 2724 cupiditati,
1192 2639 1286 2725 quia,
1306 2662 1379 2705 eum
1399 2642 1432 2705 in
1453 2662 1488 2705 se
1510 2642 1551 2705 sit
1573 2640 1717 2703 desertus
1740 2650 1771 2701 et
1791 2636 1888 2703 nichil
1912 2637 1987 2704 honi
2009 2636 2063 2701 ha·

392 2752 490 2833 bens,
517 2764 623 2817 tamen
651 2752 712 2817 suh
742 2776 776 2816 se
804 2754 837 2817 in
864 2750 1003 2839 planicie
1030 2750 1248 2839 pulcherrima
1276 2756 1370 2841 quasi
1400 2756 1508 2819 omnia
1531 2767 1612 2821 sunt.
1657 2753 1717 2819 Est
1738 2756 1823 2819 enim
1845 2754 1950 2819 dietus
1972 2776 2064 2819 mens
2083 2760 2115 2807 ⁴³

392 2892 491 2955 super
519 2868 639 2933 fluenta
657 2868 806 2933 Iordanis
833 2879 866 2931 et
895 2866 1066 2953 planiciem
1088 2868 1233 2951 Iericho,
1265 2892 1327 2955 que
1354 2870 1451 2935 habet
1479 2872 1584 2951 riuus,
1613 2869 1716 2934 lentes
1749 2883 1780 2935 et
1807 2882 1894 2935 ortus
1918 2892 2064 2953 magnos.

393 2986 476 3049 sicut
498 2982 682 3071 paradisus,
705 2997 736 3047 et
757 3006 888 3069 campus
912 2982 1150 3065 canamelle²⁸),
1173 2984 1259 3049 vnde
1279 2986 1401 3050 iaciunt
1421 2986 1605 3052 rucherum.
1651 2984 1700 3049 lbi
1723 2984 1828 3071 palme
1851 2998 1882 3049 et
1904 2984 2064 3071 plantaeie
2082 2994 2114 3043 tt

392 3123 465 3165 roso
486 3101 520 3165 in
543 3098 680 3165 iericho.

515 3230 594 3296 lude
614 3230 757 3296 vidimus
775 3228 848 3295 loca
871 3234 996 3293 Zutosae
1018 3246 1050 3296 ct
1074 3234 1217 3295 (somme
1236 3244 1268 3297 ct
1288 3233 1426 3299 aliarum
1447 3234 1625 3313 ciuitatum,
1647 3244 1679 3295 et
1702 3256 1783 3293 mare
1807 3246 1957 3307 sumtuum,
1979 3232 2065 3321 quod
2084 3240 2115 3289 ts

390 3346 576 3434 appellatur
594 3370 684 3411 mare
705 3345 919 3411 maledictum.
961 3346 1040 3411 lude
1061 3348 1164 3413 eciam
1184 3348 1326 3413 vidimus
1346 3354 1501 3429 Ilienses,
1524 3346 1609 3435 quod
1632 3360 1680 3411 est
1700 3352 1793 3411 Petra
1816 3352 1927 3409 deserti
1937 3350 1979 3412 ²⁹t
1989 3396 1998 3429 ,
2022 3347 2064 3412 ad
2083 3372 2116 3419 ts

391 3476 530 3527 montem
553 3462 637 3527 Filio
657 3465 758 3548 syon.

517 3576 581 3643 vbi
604 3600 682 3642 vero
704 3578 763 3643 suit
785 3580 970 3665 temptacio,
991 3578 1193 3643 cantauimus
1215 3589 1247 3643 st
1267 3578 1507 3667 predieauimus
1529 3576 1743 3665 euangelium.
2082 3608 2113 3657 ῃ

515 3692 593 3758 lude
614 3716 692 3759 vero
713 3694 830 3779 viginti
851 3692 992 3757 miliaria
1012 3692 1216 3759 ascendimus
1238 3696 1271 3758 in
1292 3692 1492 3760 iherusalem
1515 3718 1574 3781 per
1595 3696 1693 3777 viam,
1716 3716 1773 3781 per
1797 3714 1893 3779 quam
1915 3692 2064 3759 Christus
2082 3709 2115 3761 ts

392 3808 538 3873 ascendit
566 3806 610 3872 ad
637 3810 822 3895 passionem
850 3808 973 3873 vadens
994 3820 1027 3873 et
1050 3810 1185 3873 veniens
1204 3810 1238 3873 iu
1258 3814 1445 3875 sessanum.
1489 3810 1533 3875 Et
1557 3824 1669 3898 postea
1692 3810 1871 3875 iuueuimus
1893 3810 1925 3873 in
1947 3808 2065 3875 Betha·
2083 3830 2115 3875 ts

391 3925 446 3989 nia
467 3922 598 3989 domum
621 3924 739 3988 Lazari
758 3942 789 3987 et
810 3923 1015 4010 septdchrum
1037 3926 1116 3997 eius,
1136 3924 1222 3989 vnde
1243 3926 1373 3989 uocauit
1394 3946 1466 3991 eum
1488 3926 1669 4009 Dominus,
1691 3940 1721 3991 et
1744 3926 1944 3989 cantauituus
1969 3948 2063 3989 euan-

391 4038 511 4125 gclium
532 4053 564 4103 et
584 4038 824 4125 predieauimus
845 4038 886 4103 dc
907 4039 1046 4104 Lazaro.

516 4152 609 4219 Vnde
630 4156 777 4218 venimus
796 4176 896 4219 vnum
917 4152 1043 4219 miliare
1064 4156 1098 4219 in
1118 4160 1266 4235 Bettsoye
1286 4156 1379 4219 iuxta
1402 4170 1542 4221 muntem
1563 4156 1682 4237 oliueti,
1704 4172 1735 4219 et
1757 4156 1937 4219 iuueuimus
1960 4154 2064 4219 locutu
2083 4172 2115 4219 tu

392 4268 542 4349 liculnee,
571 4292 635 4357 que
663 4270 749 4333 uruit
775 4268 818 4334 ad
843 4283 1029 4357 preceptum
1052 4270 1199 4342 Domini.
1227 4284 1258 4335 et
1284 4270 1410 4355 locunt,
1439 4272 1493 4338 vbi
1522 4274 1608 4338 misit
1631 4272 1711 4335 distis
1734 4268 1909 4357 discipules
1934 4294 2010 4333 seros
2033 4272 2064 4333 iu

392 4384 588 4451 iherusalem
611 4408 671 4473 pro
693 4386 794 4453 asina.

515 4516 595 4581 lnde
616 4519 762 4581 venimus
784 4516 826 4582 ad
848 4530 966 4579 :sonum
988 4523 1107 4592 «disseri,
1139 4530 1171 4582 et
1190 4520 1371 4583 iuueuimus
1401 4520 1505 4586 locum
1527 4524 1559 4587 iu
1582 4522 1747 4587 eaeuntine
1771 4520 1888 4583 montis
1910 4520 2063 4607 ipsium
2085 4524 2113 4573 ⁵¹

391 4647 423 4697 et
443 4634 643 4697 mensionis
665 4630 799 4713 Christi,
821 4647 853 4697 et
875 4634 976 4698 tuulta
997 4632 1062 4699 alia
1084 4632 1261 4711 mirabilia,
1290 4648 1323 4699 et
1344 4636 1389 4701 ibi
1415 4660 1515 4723 prope
1538 4636 1635 4701 alium
1658 4648 1815 4712 urentem,
1838 4660 1933 4719 «piretu
1956 4632 2065 4721 appel-

391 4744 458 4813 lant
483 4754 641 4811 Gallicam.
684 4748 725 4813 Bt
749 4748 879 4826 dicunt,
901 4752 987 4837 qtted
1009 4750 1063 4815 ille
1083 4764 1131 4813 est
1152 4772 1261 4828 mous,
1289 4748 1330 4815 de
1353 4774 1414 4837 que
1437 4750 1625 4835 intelligitur
1648 4750 1868 4836 euangelium,
1896 4756 1976 4824 „l'hi
1996 4756 2064 4811 dne·
2085 4750 2116 4799 ³²

390 4870 483 4925 decim
503 4868 642 4945 discipali
663 4869 800 4927 abierunt
822 4870 854 4927 ia
879 4870 1027 4927 (lolilenm
1050 4870 1081 4927 in
1103 4867 1316 4936 ruentern‘⁸³'),·
1344 4888 1407 4931 uon
1438 4866 1523 4954 qued
1545 4890 1636 4931 tnuns
1659 4870 1699 4933 sit
1723 4870 1754 4931 in
1778 4865 1923 4947 liulilea,
1955 4866 2011 4929 sed
2034 4872 2065 4929 iu

392 4978 508 5059 ludes,
540 4978 597 5043 sed
627 4982 702 5065 quia
730 5004 822 5045 niens
853 4986 923 5068 ipse
944 4984 1087 5052 menen}
1118 4978 1302 5065 appellatur
1326 4980 1461 5045 (inlilen.
1505 4982 1569 5047 Alii
1592 4982 1702 5049 dieunt
1723 4984 1782 5049 hee
1804 4984 1902 5047 luisse
1926 4994 2066 5047 nuuttetn
2085 4992 2116 5037 ³³

391 5094 536 5172 Thelser,
559 5096 614 5183 qui
636 5110 683 5158 est
707 5118 783 5159 vere
804 5098 838 5161 in
857 5096 993 5161 (lalilea.

516 5226 757 5291 Descendens-s
779 5240 886 5291 autern
911 5228 1079 5293 ‹l‹=1uentt·
1101 5226 1210 5293 olineti
1233 5230 1379 5291 venimus
1403 5230 1433 5294 in
1456 5228 1580 5304 locutu,
1603 5230 1658 5295 vhi
1679 5230 1792 5295 llnsus
1817 5226 1930 5293 videns
1955 5231 2064 5293 eruitu-
2085 5240 2117 5289 tt

390 5356 454 5405 tent
476 5342 564 5407 fleuit
586 5366 683 5429 super
705 5342 805 5407 illam,
851 5342 891 5405 tls
916 5342 960 5409 ihi
976 5346 1161 5432 acecpimus
1175 5366 1281 5407 ramos
1299 5342 1470 5418 urinarum,
1492 5344 1717 5411 lwnedieeutes
1731 5360 1761 5409 et
1777 5344 1891 5409 dantes
1907 5344 2056 5409 etunilnu·
2086 5360 2117 5405 'st

453 5564 504 5633 ih)
524 5568 693 5620 cuononem.
717 5564 843 5620 claruere
1250 5580 1329 5621 tuen.
1358 5560 1437 5641 quud
1465 5562 1625 5641 praecedit,
1660 5562 1851 5643 depravatum
1880 5564 2017 5621 lldrucce
2050 5584 2066 5619 e

452 5678 503 5746 Ἡ)
525 5678 595 5751 leucri}
630 5678 742 5741 toturn.
769 5679 824 5735 trial
847 5676 937 5737 verba
958 5702 1035 5735 mem
1059 5690 1155 5753 templ.
1178 5696 1207 5733 tn
1250 5660 1416 5719 musteum
1439 5664 1621 5767 mum-lum&

391 5776 453 5831 lone
475 5776 680 5853 coniungenda
701 5789 777 5834 suut
1313 5782 1351 5834 30
1387 5778 1489 5853 ipsius]
1514 5778 1568 5857 ipis
1590 5776 1678 5837 hahet
1699 5778 1724 5837 (i

452 5894 504 5958 ts,
526 5889 599 5950 cod.
622 5894 657 5950 G.
681 5894 810 5951 nouare.
853 5892 894 5947 (tt
923 5903 1023 5951 notatu
1042 5896 1090 5953 2l.
1311 5898 1360 5954 ³¹,
1385 5895 1511 5963 imrateml
1535 5890 1638 5953 ttstth.
1658 5898 1705 5961 28,
1732 5900 1766 5955 tu

452 6008 491 6064 2⁸⁴
526 6006 630 6078 Petrei
655 6004 718 6061 t'ud
745 6004 833 6065 hahet
848 6008 981 6080 depetro
997 6010 1115 6065 saera.
1145 6006 1204 6065 No·
1309 6010 1361 6067 32·
1385 6006 1520 6065 Fortasse
1543 6010 1622 6065 modu
1646 6006 1800 6083 legendum
1824 6024 1874 6065 v-r,
