5284 7042
1416 726 1473 787 126

610 904 715 967 fessus
738 912 787 967 est
806 904 842 967 in
867 901 998 968 Christo
1020 924 1090 966 esse
1113 900 1196 967 duas
1219 902 1363 988 integras
1384 911 1417 966 et
1439 902 1600 989 perfectas
1620 912 1770 983 naturas,
1800 902 1942 969 diuinam
1971 904 2093 970 scilicet
2114 904 2283 972 44144444-

559 1028 588 1079 44
608 1040 693 1082 nam.
734 1018 779 1083 Et
807 1030 982 1083 conuocato
1010 1015 1094 1081 clerc
1122 1025 1156 1080 et
1181 1038 1302 1103 magno
1331 1016 1451 1105 populo
1473 1021 1506 1083 in
1527 1020 1657 1083 ciuitate
1679 1019 1796 1085 Niniue
1818 1018 1935 1105 grandi
1960 1020 1994 1083 in
2015 1018 2124 1107 platea
2145 1032 2282 1109 propter

608 1132 844 1198 multitudinem
867 1132 980 1221 populi
1001 1131 1241 1218 predicauimus
1262 1131 1360 1195 iidem
1383 1133 1576 1199 catholicam
1597 1134 1745 1217 arabice,
1773 1146 1804 1199 et
1827 1134 2022 1199 ostendimus
2045 1156 2171 1203 errores
2189 1136 2283 1203 Iaco-

608 1248 759 1313 binorum
783 1270 894 1313 coram
921 1247 1042 1335 populo
1069 1257 1101 1311 et
1132 1247 1218 1312 clero
1250 1248 1417 1331 iacobino‚
1446 1250 1517 1335 ipsc
1545 1249 1733 1337 patriarcha
1762 1258 1794 1314 44
1815 1248 1900 1316 41444
1923 1260 2101 1335 asserente,
2133 1253 2211 1339 quia
2232 1253 2281 1318 sic

557 1379 590 1428 42
609 1366 746 1443 4444150)
774 1387 866 1446 vere,
897 1374 933 1427 vt
963 1363 1159 1428 dicebamus.
1201 1363 1272 1428 Hac
1295 1374 1400 1429 autem
1424 1367 1611 1453 scripsimus
1634 1374 1666 1431 et
1687 1364 1828 1429 diximus
1850 1388 1914 1429 non
1936 1369 2170 1453 nosmetipsos
2193 1388 2281 1433 com·

607 1480 806 1564 mandantes,
830 1480 887 1546 sed
907 1480 1011 1545 solum
1025 1480 1142 1560 Deum,
1160 1480 1252 1544 cuius
1278 1482 1397 1545 uirtute
1419 1482 1478 1545 hec
1500 1494 1573 1547 acte
1593 1492 1675 1562 sunt,
1694 1480 1922 1566 glorificantes,
1945 1484 2000 1569 qui
2014 1505 2172 1547 renouare
2188 1484 2282 1548 nouit

609 1597 677 1662 Sua
703 1596 874 1681 miracula,
902 1596 1032 1683 quando
1054 1594 1124 1659 Sibi
1146 1593 1322 1680 placuerit3
1353 1598 1407 1682 qui
1429 1620 1492 1661 non
1514 1596 1614 1662 solum
1637 1619 1695 1683 per
1717 1597 1896 1684 apostolos,
1927 1598 2071 1663 homines
2090 1595 2226 1683 galileos
2246 1610 2281 1663 et

609 1711 770 1798 simplices
793 1715 988 1798 piscatores,
1019 1710 1162 1776 confudit
1184 1721 1216 1774 et
1236 1712 1403 1796 superauit
1426 1714 1623 1799 sapienciam
1645 1713 1772 1789 mundi,
1800 1714 1976 1779 sedeciam
1997 1736 2055 1801 per
2077 1713 2279 1779 4444444414-

608 1837 717 1892 menta
739 1828 895 1913 corripuit
917 1827 1073 1915 prophete
1086 1829 1143 1904 ¹⁵¹)
1163 1826 1400 1911 iusipienciam.

558 1938 590 1989 4³
730 1943 916 2009 Notandum
937 1955 1043 2007 autem
1064 1953 1129 2024 est,
1151 1941 1238 2029 quod
1260 1952 1369 2028 preter
1392 1964 1518 2007 errores
1539 1942 1704 2029 predictos
1725 1945 1758 2007 in
1780 1942 1887 2009 multis
1910 1942 1981 2009 aliis
2004 1944 2278 2030 periculosissIme

557 2077 591 2126 44
609 2069 726 2124 errant.
773 2060 857 2123 Nam
888 2069 955 2123 tam
982 2057 1127 2123 Iacobini
1160 2080 1256 2145 quam
1283 2058 1446 2122 Nestorini
1481 2070 1592 2124 eontra
1625 2058 1827 2145 euangelium
1858 2068 2011 2146 separant
2037 2062 2278 2125 matrimonium

553 2167 556 2171 ⁵
608 2196 808 2260 quacumque
830 2196 1004 2255 excausa,
1039 2184 1071 2239 et
1091 2173 1263 2261 repudiata
1285 2174 1405 2259 accipit
1427 2173 1524 2239 alium
1545 2176 1668 2257 virum,
1696 2184 1731 2239 vt
1750 2175 1821 2257 ult,
1844 2186 1875 2239 et
1894 2176 1946 2239 vir
1961 2176 2081 2261 accipit
2095 2176 2193 2241 aliam
2211 2199 2276 2241 mu-

557 2290 728 2372 44144444,
755 2300 790 2354 vt
815 2290 931 2377 placet.
973 2290 1026 2355 De
1052 2292 1196 2354 misterio
1225 2290 1396 2353 Trinitatis
1427 2289 1545 2355 Sancte
1573 2290 1684 2355 dicunt
1711 2300 1778 2355 tam
1806 2290 1951 2355 Iacobini
1982 2314 2078 2375 quam
2098 2290 2276 2373 Nestor-ini,

558 2420 591 2471 46
608 2406 694 2493 quod
716 2406 813 2471 Pater
834 2416 867 2470 et
885 2405 990 2471 Filius
1010 2418 1041 2471 et
1060 2406 1202 2493 Spiritus
1225 2405 1362 2469 Sanctus
1385 2414 1459 2471 sunt
1480 2418 1545 2471 4444
1567 2428 1721 2493 persone,
1743 2406 1779 2471 id
1801 2414 1849 2471 est
1872 2416 1937 2471 tres
1957 2406 2139 2493 qualitates.
2181 2405 2278 2471 Vnde

558 2536 590 2587 44
608 2524 672 2607 ipsi
693 2520 824 2587 arabice
845 2522 956 2586 dicunt
977 2527 1103 2585 tielatte
1117 2524 1171 2599 ¹⁵²)
1185 2531 1290 2601 satsat
1303 2522 1367 2600 ¹⁵³),
1390 2520 1476 2609 quod
1496 2524 1726 2608 interpretatur
1746 2532 1811 2586 tres
1833 2521 2004 2608 qualitates
2021 2524 2085 2594 154).
2128 2520 2278 2587 Iacobini

608 2650 716 2702 autem
735 2647 767 2702 et
787 2660 897 2703 omnes
918 2637 1091 2703 orientales
1112 2660 1173 2702 nec
1195 2638 1300 2702 sciunt
1321 2640 1556 2725 purgatorium,
1577 2660 1638 2702 nec
1653 2637 1787 2701 credunt
1801 2640 1924 2701 animas
1938 2636 2106 2703 beatorum
2121 2639 2279 2723 premiari

607 2754 642 2817 in
662 2755 731 2817 vita
753 2763 874 2836 eterna,
897 2754 960 2817 nisi
982 2764 1055 2840 post
1075 2758 1345 2818 resurrectionem
1368 2775 1541 2839 corporum
1564 2764 1697 2835 tautum,
1719 2776 1778 2817 nec
1801 2754 1924 2818 animas
1947 2754 2196 2839 dampnatorum
2212 2764 2277 2819 tor·

555 2884 589 2935 44
606 2870 698 2955 queri
724 2870 758 2932 in
787 2870 912 2933 inferno
938 2870 1003 2933 nisi
1031 2878 1107 2955 post
1133 2868 1219 2933 diem
1251 2868 1372 2933 iudicii.
1421 2870 1549 2935 Ponunt
1577 2880 1681 2934 autem
1710 2880 1819 2955 preter
1840 2870 1997 2933 infernum
2028 2878 2059 2933 et
2088 2868 2278 2955 paradisum

605 2983 743 3070 quedam
764 2984 970 3071 receptacula
991 2986 1189 3066 animarum,
1221 2996 1253 3049 et
1272 2984 1353 3049 illud
1375 2984 1415 3049 de
1437 2987 1581 3051 cruciatu
1603 2984 1713 3049 diuitis
1741 2984 1887 3071 epulonis
1910 2982 2020 3049 dicunt
2041 3006 2112 3049 4444
2133 2982 2275 3071 parabo-

554 3098 678 3171 441444.
720 3100 765 3164 IIt
786 3100 879 3165 multi
900 3100 955 3165 alii
976 3112 1051 3165 sunt
1073 3122 1200 3165 errores
1222 3123 1343 3183 eorum,
1367 3124 1448 3189 quos
1469 3100 1600 3187 longum
1623 3110 1708 3165 44444
1729 3122 1889 3165 enarrare.

1156 3282 1277 3347 XVIII.
1319 3282 1383 3347 DE
1405 3280 1649 3348 MARONITIS
1663 3285 1728 3361 ¹⁵⁵).

573 3424 584 3474 1
727 3416 796 3479 Nos
817 3424 924 3479 autem
945 3414 1079 3479 ulterius
1099 3414 1312 3503 procedentes
1336 3414 1376 3479 de
1398 3416 1525 3497 Niniue,
1545 3416 1675 3479 ciuitate
1695 3414 1812 3499 grandi
1818 3463 1827 3497 ‚
1849 3414 2041 3477 intrauimus
2065 3412 2198 3477 fluuium
2218 3434 2275 3499 pa-

604 3530 717 3612 radisi,
738 3533 793 3617 qui
814 3540 864 3593 est
877 3529 998 3615 Tigris,
1020 3541 1054 3596 et
1074 3553 1172 3618 super
1194 3542 1282 3595 utres
1304 3532 1453 3595 continue
1475 3532 1592 3595 inimus
1617 3552 1675 3616 per
1697 3530 1834 3595 ducenta
1855 3528 1996 3594 miliaria
2018 3540 2049 3593 et
2070 3528 2155 3593 vltra
2172 3550 2273 3617 vsque

571 3646 648 3711 aad
669 3645 849 3711 Baldacum
863 3648 926 3723 156).
969 3647 1155 3711 Inuenimus
1177 3658 1284 3711 tamen
1307 3648 1342 3711 in
1363 3647 1469 3711 medio
1491 3668 1643 3731 magnam
1673 3648 1846 3711 ciuitatem.
1889 3645 1939 3709 Ibi
1962 3654 2035 3709 sunt
2054 3644 2148 3711 multi
2166 3644 2274 3711 Muro-

573 3763 672 3826 3nite
701 3772 732 3827 44
759 3761 1024 3849 archiepiscopus
1044 3762 1280 3827 Maronitarum
1296 3764 1361 3839 ¹⁵⁷).
1406 3762 1487 3827 Sunt
1510 3774 1615 3826 autem
1637 3760 1798 3827 Maronite
1820 3762 1860 3825 de
1880 3772 1987 3825 moute
2002 3760 2129 3839 Libani,
2152 3762 2207 3847 qui
2227 3759 2273 3826 di·

573 3894 589 3943 4
608 3888 684 3942 cunt
703 3879 737 3941 in
753 3876 884 3943 Christo
906 3900 978 3942 esse
998 3890 1124 3943 tantum
1143 3900 1240 3942 vnam
1260 3876 1468 3946 voluntatem.
1505 3878 1779 3964 Archiepiscopus
1791 3888 1899 3941 temen
1919 3874 2046 3941 anobis
2063 3873 2189 3941 audiuit
2201 3898 2272 3939 cum

608 3992 784 4058 ambitione
801 3995 856 4071 158)
862 4043 871 4076 ,
900 4004 933 4058 et
954 4016 1052 4059 manu
1074 3996 1209 4081 propria
1230 3992 1423 4079 subscripsit
1447 4016 1533 4081 pape
1555 3994 1594 4057 de
1615 3993 1693 4075 fide,
1721 4006 1757 4057 vt
1778 3992 1947 4075 voluimus,
1970 4002 2002 4056 et
2021 3990 2061 4055 de
2083 3990 2274 4057 obediencia

559 4097 566 4110 ⁸
602 4108 646 4173 ad
672 4132 794 4197 papam
820 4122 852 4173 et
882 4120 1029 4174 sanctam
1050 4130 1217 4175 romanam
1239 4109 1307 4173 eccl
1345 4110 1417 4175 'am
1459 4110 1497 4173 In
1519 4109 1632 4174 eadem
1655 4109 1786 4173 ciuitate
1814 4118 1889 4173 sunt
1910 4104 2001 4171 multi
2022 4106 2188 4189 IacobIni,
2219 4106 2273 4195 qui

600 4248 662 4291 nos
684 4237 876 4314 receperunt
896 4227 964 4290 fere
982 4238 1019 4291 vt
1038 4132 1488 4406 affluentias
1510 4235 1543 4289 et
1563 4226 1759 4289 monasterie
1780 4224 1998 4310 pulcherrima
2019 4221 2197 4287 offerebant
2218 4244 2272 4286 no-

570 4340 662 4405 ebis.
706 4340 770 4405 Sed
792 4352 824 4406 et
843 4340 991 4407 Iacobini
1012 4341 1156 4407 eiusdem
1198 4343 1205 4356 '
1242 4344 1317 4407 tatis
1340 4340 1480 4429 quodam
1502 4351 1646 4427 tempore
1668 4338 1898 4405 edificaueruut
1916 4338 2079 4425 quandam
2103 4337 2271 4403 ecclesiam

603 4458 692 4521 canis
725 4467 819 4521 extra
831 4548 835 4552 Ι
837 4460 1012 4556 4434444444
1039 4459 1073 4521 in
1104 4457 1206 4522 casali
1227 4460 1319 4522 iuxta
1341 4458 1472 4523 44444444
1495 4457 1660 4543 paradisi,
1691 4466 1722 4519 44
1744 4457 1830 4521 omni
1858 4476 1941 4519 anuo
1964 4454 2086 4517 faciunt
2108 4452 2208 4519 semel
2229 4455 2272 4519 ie·

568 4592 585 4642 6
603 4582 689 4637 stum
710 4574 822 4655 44444;
843 4573 954 4638 dicunt
976 4575 1072 4656 enim,
1093 4572 1179 4660 quod
1201 4573 1245 4638 ad
1265 4573 1405 4639 litteram
1426 4572 1609 4638 habuerunt
1631 4594 1743 4637 canem
1765 4592 1882 4657 magne
1904 4571 2040 4633 virtutis.
2083 4569 2145 4635 Est
2166 4580 2274 4634 autem

600 4711 716 4753 nomen
737 4689 883 4775 predicte
904 4690 1045 4755 ciuitatis
1073 4695 1206 4752 Taenarii
1220 4691 1287 4766 ¹⁵⁰).

568 4817 583 4865 1
724 4806 910 4871 1444444444
938 4807 1041 4871 eciam
1069 4804 1232 4892 quandam
1257 4826 1411 4890 magnam
1439 4804 1602 4869 ciuitatem
1628 4806 1662 4869 in
1681 4802 1812 4889 longum
1835 4806 1928 4867 iuxta
1947 4802 2098 4883 fluuium,
2133 4802 2274 4889 quescit

569 4926 727 5003 tantique
747 4927 866 4984 Baldoc
896 4921 966 4987 siue
986 4925 1160 4997 Ballionia,
1191 4931 1223 4985 et
1246 4922 1374 5007 magnis
1401 4921 1503 4985 ruinis
1532 4918 1660 4983 videtur
1689 4922 1780 5007 quasi
1807 4919 1910 4983 altera
1929 4918 2040 4983 Roma.
2083 4916 2144 4983 Est
2166 4926 2275 4983 autem

601 5038 669 5102 fere
691 5037 857 5103 destructa
877 5037 1028 5120 totaliter,
1052 5045 1084 5101 et
1105 5038 1202 5125 pauci
1223 5036 1423 5102 habitantia
1444 5056 1493 5117 ea,
1516 5044 1547 5099 et
1561 5034 1608 5100 illi
1621 5046 1697 5101 sunt
1709 5034 1890 5117 Sarraceui‚
1912 5046 2080 5121 sequentes
2095 5030 2194 5099 Ahali
2209 5034 2273 5109 ¹⁰⁰).

664 5210 733 5281 150)
756 5208 825 5285 qnia
849 5207 892 5265 sic
913 5206 988 5282 erat]
1010 5207 1052 5265 ita
1073 5225 1157 5277 esse,
1178 5214 1210 5264 ut
1231 5204 1401 5266 diceremus.
1524 5206 1591 5276 156)
1614 5204 1786 5279 Balciacrun]
1809 5202 1943 5279 Bagdad.

667 5308 736 5376 151)
765 5306 917 5382 prophete]
950 5305 1088 5380 Balaam3
1123 5325 1151 5364 v.
1184 5304 1274 5364 Num.
1309 5302 1416 5362 XXII.
1520 5303 1590 5375 157)
1611 5302 1843 5377 Maronitarum]
1868 5300 1939 5363 Bod.
1963 5298 1998 5360 G.
2021 5298 2109 5359 habet
2129 5302 2273 5357 Marone·

602 5406 640 5461 22
663 5422 726 5483 sqq.
1458 5418 1521 5459 rum

667 5538 736 5608 152)
754 5538 892 5596 nempe
906 5545 952 5596 est
966 5536 1048 5598 mh·
1064 5502 1159 5607 Q,
1180 5534 1336 5609 (Μῶα)
1351 5542 1417 5593 tres·
1525 5500 1593 5573 158)
1616 5519 1679 5557 rum
1701 5500 1863 5575 ambitione]
1887 5498 1962 5559 Ood.
1977 5496 2012 5560 G.
2034 5496 2137 5557 habet:
2157 5496 2189 5555 in
2211 5516 2272 5555 arn·

666 5638 736 5707 153)
756 5634 866 5707 μαψ)
893 5646 937 5697 eet
961 5643 1013 5694 „ut
1034 5635 1161 5697 pluralis
1189 5636 1297 5693 fmus
1325 5633 1417 5692 nomi·
1459 5598 1536 5673 bico!
1556 5617 1631 5677 quae
1651 5618 1666 5657 e
1688 5600 1854 5659 coniectura
1875 5599 2057 5658 mutavimus.
2198 5694 2204 5707 1
2264 5694 2271 5707 .

1522 5700 1592 5770 159)
1627 5698 1771 5774 1144144414]
1806 5698 1893 5757 Nunc
1928 5694 2044 5755 Takrit.
2087 5693 2135 5755 of.
2168 5693 2273 5753 thton

599 5768 645 5826 1118
666 5722 734 5866 11101
753 5766 859 5841 “mul
880 5778 932 5827 ω
948 5730 1059 5864 alb*
1083 5768 1212 5842 (11111111)
1233 5766 1396 5847 ‘ludim'
1458 5812 1558 5872 geogr.
1580 5794 1619 5855 X.
1643 5798 1701 5856 222
1724 5816 1748 5855 4.
1790 5795 1893 5855 Codex
1911 5793 1999 5855 habet
2021 5796 2163 5856 Tecien'l.

667 5897 736 5969 154)
760 5902 820 5951 tres
842 5894 985 5970 qualitate
1004 5892 1043 5954 G.
1523 5896 1591 5969 160)
1613 5894 1711 5969 Abali]
1740 5894 1787 5953 De
1807 5894 1893 5953 Alitis
1916 5892 2091 5955 4411444444
2116 5901 2145 5952 44
2165 5910 2272 5969 usagss

663 5995 732 6066 155)
754 5990 921 6051 Maronitis
942 5988 989 6065 G„
1010 6012 1065 6051 nec
1086 6002 1185 6051 tamen
1207 6010 1331 6070 semper.
1457 5988 1509 6049 des
1532 5990 1636 6053 Turcs.
1660 5992 1698 6053 T.
1721 5993 1737 6051 I
1757 5991 1851 6051 Paris.
1877 5998 1950 6053 1747
1975 6014 2005 6072 p.
2028 5997 2088 6055 294
2110 6012 2173 6074 sqq.
