5284 7042
1360 715 1417 775 Ill

508 910 535 959 11
556 916 616 958 sua
645 893 853 979 exposicione
881 890 1011 955 sedauit.
1055 890 1149 953 Dixit
1180 891 1339 977 virginem
1360 912 1423 955 nou
1447 892 1614 977 peperisse
1634 891 1758 973 Deum,
1788 890 1845 955 sed
1874 890 2035 957 bominem
2057 893 2175 957 iustum
2199 902 2231 957 et

507 1025 537 1073 ta
554 1007 711 1094 templum
732 1008 858 1085 Deru).
899 1005 1094 1071 Huiusmodi
1124 1006 1301 1069 virulentos
1329 1004 1430 1070 libros
1460 1008 1641 1073 inuenimus
1667 1010 1700 1073 iu
1729 1030 1840 1072 ornnes
1870 1018 1980 1093 partes
2002 1006 2232 1085 orientalem

556 1135 634 1211 aput
655 1124 861 1205 Nestorin0s3
882 1145 958 1185 nam
979 1121 1149 1185 Nestorius
1170 1122 1231 1185 fuit
1251 1122 1318 1185 eius
1341 1120 1497 1209 complex.

505 1251 536 1301 1³
678 1238 807 1303 Deinde
829 1239 1039 1303 transiuimus
1063 1238 1178 1321 viginti
1199 1236 1340 1301 miliaria
1361 1238 1453 1301 iuxta
1478 1242 1615 1301 Tharsim
1636 1238 1760 1321 Cilicia,
1784 1237 1870 1302 vnde
1891 1240 1952 1303 fuit
1972 1238 2087 1303 beatus
2108 1238 2233 1303 Paulus

554 1355 729 1442 apostolus.

942 1534 1028 1599 VIII.
1069 1534 1131 1598 DE
1154 1534 1387 1601 'I'HURCHIA
1410 1534 1468 1599 ET
1492 1536 1847 1603 TURCHIMANNIA.

524 1701 534 1746 t
680 1686 869 1750 ArmcnIam
890 1695 996 1747 autem
1019 1694 1223 1747 transeuntes
1245 1686 1438 1749 intrauimus
1460 1686 1492 1749 ia
1516 1682 1725 1767 I'btrrchiam,
1747 1696 1778 1749 et
1797 1686 1978 1749 inuenimus
1994 1682 2229 1749 Thurcbiman·

555 1827 624 1886 nos,
646 1802 792 1867 homines
813 1797 986 1879 bestiales,
1014 1802 1068 1885 qai
1091 1808 1165 1862 sunt
1187 1801 1359 1863 Sarraceni
1388 1810 1419 1863 et
1439 1799 1588 1864 habitant
1608 1803 1819 1865 communiter
1842 1802 1901 1865 sub
1929 1812 2013 1865 terra
2035 1798 2230 1865 admodum

522 1919 728 2005 ttalparum.
769 1917 828 1979 Isti
851 1914 1059 2000 egrediuntur
1086 1913 1127 1977 de
1154 1917 1302 1977 cauernis
1329 1927 1414 1979 terre
1442 1916 1534 2001 quasi
1556 1938 1679 1997 mures,
1712 1926 1744 1980 at
1772 1916 1877 1981 subito
1898 1918 2019 1981 faciunt
2041 1916 2231 1979 exercitum.

522 2015 601 2133 {Et
623 2045 697 2099 sunt
717 2034 863 2097 homines
884 2032 1007 2093 feroces
1031 2044 1062 2093 et
1083 2030 1201 2109 sortes,
1233 2042 1263 2092 et
1284 2032 1427 2094 maxime
1450 2030 1599 2096 mulieres
1623 2054 1744 2097 corum.
1786 2032 1829 2098 Et
1850 2044 1885 2097 vt
1907 2032 1947 2097 de
1969 2033 2085 2097 ceteris
2107 2029 2232 2113 sileam,

522 2152 617 2217 abac
638 2174 736 2215 vnum
759 2149 906 2212 referam.
945 2148 1028 2209 Nam
1051 2168 1122 2208 cum
1146 2146 1265 2207 Iremus
1288 2169 1359 2209 eum
1384 2147 1524 2229 camelis,
1546 2146 1659 2211 mulier
1681 2147 1928 2213 thurcbimanna
1949 2170 2113 2234 pregnans
2130 2146 2231 2233 pedes

523 2266 750 2353 tsequebatur
781 2261 936 2342 camelos3
965 2273 996 2325 et
1024 2260 1063 2324 de
1089 2272 1197 2337 nocte,
1220 2283 1298 2329 ,cum
1330 2284 1471 2327 essemus
1500 2266 1533 2327 iu
1562 2262 1708 2345 deserte,
1739 2266 1864 2349 peperit
1897 2266 1929 2327 in
1951 2263 2091 2327 silencio,
2133 2262 2232 2326 Mane

557 2395 664 2447 autem
691 2382 795 2460 iacto,
822 2378 1020 2443 admirantes
1048 2378 1240 2439 inuenerunt
1260 2376 1450 2441 infantulum
1473 2380 1671 2464 vagientem,
1700 2402 1793 2466 quern
1816 2380 1980 2465 accipiens
2003 2388 2105 2441 mater
2128 2378 2230 2465 pedes

556 2497 750 2585 sequebatur
771 2494 927 2573 camelos,
950 2504 985 2554 vt
1004 2493 1105 2578 prius.

524 2628 538 2677 t
681 2610 825 2675 Predicti
845 2622 951 2673 autem
975 2608 1228 2671 Thurehinranui
1251 2606 1447 2672 insidiantur
1469 2610 1609 2673 nraxime
1629 2608 1754 2691 Grecis,
1777 2612 1831 2697 qui
1857 2609 2005 2673 habitant
2028 2610 2118 2675 iuxta
2140 2632 2230 2673 mare

558 2750 721 2814 magnum,
744 2728 820 2813 quia
836 2725 933 2791 Greci
957 2722 1144 2789 occiderunt
1167 2746 1207 2786 ex
1224 2724 1362 2787 Francis
1383 2726 1557 2789 maximam
1581 2725 1825 2808 multitudinem,
1848 2726 1923 2811 quia
1942 2725 1975 2787 iu
1998 2726 2138 2810 quodam
2158 2746 2232 2812 pas·

557 2846 665 2930 sagio,
686 2842 771 2927 quod
793 2841 957 2907 faciebant
978 2842 1100 2905 Franci
1121 2851 1234 2904 contra
1256 2840 1470 2919 Sarracenos,
1502 2842 1697 2904 miscuerunt
1719 2840 1840 2905 calcem
1861 2842 1980 2923 farine3
2007 2840 2128 2905 Franci
2150 2862 2229 2904 vero

557 2982 669 3026 secure
691 2958 733 3022 ab
755 2960 801 3021 eis
820 2969 984 3043 tamquam
1008 2979 1028 3019 a
1042 2955 1236 3021 Christianis
1259 2956 1455 3041 accipientes
1472 2966 1503 3019 et
1517 2955 1720 3019 comedentes
1734 2954 1825 3019 multi
1844 2978 1884 3019 ex
1900 2978 1937 3020 eo
1955 2956 2073 3021 mortui
2091 2956 2228 3029 sunt⁵⁸).

524 3076 743 3146 slnuenimus
771 3086 878 3138 autem
906 3072 1041 3136 tirmiter
1070 3094 1129 3157 per
1156 3070 1220 3135 tide
1252 3070 1367 3157 dignos
1380 3120 1388 3153 ,
1423 3071 1508 3159 quod
1532 3070 1628 3137 Greci
1658 3070 1704 3135 illi
1736 3073 1782 3134 ita
1804 3072 1916 3135 timent
1938 3070 2229 3153 Thurchimannos‚

559 3192 645 3280 quod
664 3214 728 3255 non
750 3188 870 3254 audent
891 3190 981 3251 exire
1003 3188 1043 3251 dc
1066 3186 1250 3251 ciuitatibus
1271 3210 1331 3251 nec
1352 3186 1393 3251 de
1415 3188 1531 3250 castris
1554 3190 1731 3267 eorumll),
1759 3187 1823 3251 uisi
1852 3197 1980 3273 portent
2010 3208 2118 3253 secum
2141 3190 2230 3275 eapi-

523 3322 659 3380 sstrum
688 3318 852 3393 paratum,
882 3326 944 3387 quo
969 3303 1117 3389 ligentur.
1159 3302 1282 3366 Dicunt
1312 3304 1414 3385 enim,
1445 3302 1529 3389 quod
1552 3302 1833 3367 Thurchimanuus
1863 3304 1972 3367 statim
2006 3303 2228 3387 eumoccidit,

508 3449 539 3497 ιο
556 3426 618 3488 nisi
648 3422 791 3486 inueniat
824 3424 853 3483 ei
882 3420 1060 3509 capistrum
1090 3428 1252 3505 paratum.
1304 3418 1348 3481 Et
1374 3417 1447 3483 ideo
1480 3416 1611 3505 quando
1642 3428 1762 3481 exeunt
1790 3418 1832 3481 ad
1860 3418 2083 3483 seminandum
2112 3418 2165 3483 vel
2187 3421 2230 3484 ad

509 3565 535 3614 11
557 3539 672 3603 siluam
694 3536 744 3599 vel
763 3534 805 3599 ad
827 3533 1008 3599 huiusmodi
1029 3510 1131 3620 bpus,
1161 3533 1380 3619 unusquisque
1402 3544 1510 3619 portat
1533 3556 1624 3597 suum
1647 3536 1840 3619 capistrum,
1864 3556 1926 3621 quo
1948 3533 2074 3619 ligetur.
2117 3534 2161 3599 Et
2182 3538 2229 3600 sic

556 3677 633 3717 vere
653 3652 831 3737 completur
851 3652 883 3713 in
904 3652 951 3713 eis
970 3648 1048 3714 illud
1071 3648 1251 3713 Salomonis
1265 3650 1323 3725 ¹⁵⁰):
1353 3653 1548 3729 „Iniquitates
1570 3673 1620 3711 sue
1643 3657 1764 3729 capiunt
1786 3654 1911 3729 uspiam,
1935 3664 1960 3711 et
1974 3654 2102 3728 funibus
2122 3674 2227 3730 peccu-

557 3784 647 3830 torum
671 3790 788 3829 suorum
812 3770 1010 3846 enusquisque
1031 3768 1272 3843 constringiturf‘

1187 3945 1243 4014 IX.
1285 3945 1349 4009 DE
1372 3944 1602 4010 TARTARIS.

524 4083 536 4132 ¹
680 4080 842 4143 intrantes
874 4089 982 4143 autern
1010 4078 1095 4141 infra
1123 4077 1320 4142 Thurcbiam
1350 4072 1530 4142 inuenimus
1559 4078 1745 4143 horribilem
1781 4092 1812 4144 et
1839 4091 2074 4144 monstruosam
2100 4092 2228 4166 gentem

523 4197 780 4269 2Tartarorum.
832 4192 996 4257 Differunt
1025 4208 1131 4258 autem
1161 4193 1294 4257 Tartari
1321 4192 1453 4257 multum
1483 4192 1524 4257 ab
1552 4194 1699 4259 omnibus
1734 4194 1805 4259 aliis
1832 4194 2022 4259 nacionibus
2050 4196 2161 4261 muudi
2196 4198 2228 4261 in

523 4338 538 4387 ³
556 4335 705 4401 persona,
727 4309 870 4375 moribus
893 4320 924 4373 et
945 4310 1017 4373 ritu.
1058 4308 1096 4373 ln
1119 4331 1259 4395 persona
1280 4320 1398 4389 autem,
1421 4312 1497 4403 quia
1518 4308 1639 4373 habent
1659 4332 1794 4395 magnas
1816 4321 1848 4373 et
1869 4310 1951 4375 latas
1974 4310 2074 4375 facies
2103 4324 2134 4375 et
2156 4333 2229 4376 ocu-

556 4429 605 4494 los
628 4450 766 4514 paruos,
787 4426 881 4510 quasi
902 4426 1089 4502 fissuras⁶¹)
1118 4423 1275 4511 quasdam
1303 4447 1361 4510 per
1385 4436 1606 4490 transuersum
1628 4428 1661 4489 in
1683 4425 1790 4490 media
1809 4428 1910 4506 facie,
1944 4438 1975 4491 et
1997 4448 2132 4513 paruam
2156 4424 2228 4490 bar·

522 4545 650 4624 ⁴1bam,
681 4546 728 4607 ita
749 4541 836 4627 quod
856 4540 947 4604 multi
969 4562 1079 4604 eorum
1103 4538 1224 4603 similes
1246 4549 1320 4603 sunt
1341 4542 1499 4624 simiam),
1530 4553 1562 4606 et
1583 4542 1725 4605 maxime
1747 4564 1847 4607 senes.
1889 4542 1927 4607 ln
1949 4541 2099 4607 omnibus
2123 4552 2229 4606 autem

556 4672 629 4725 sunt
650 4655 824 4724 dissimiles
847 4654 888 4718 ab
911 4655 993 4736 eliis,
1017 4656 1094 4741 quia
1114 4678 1174 4719 nec
1187 4654 1399 4720 curialitatem
1419 4656 1548 4741 habent,
1571 4680 1630 4721 nee
1650 4656 1888 4739 verecundiam,
1909 4682 1969 4723 nec
1986 4656 2227 4744 gratitudinem,

555 4798 615 4840 nec
637 4796 779 4839 amorem
801 4770 844 4835 ad
865 4769 1005 4857 aliquem
1019 4771 1125 4835 locum
1137 4772 1187 4852 ⁶³),
1210 4782 1245 4834 vt
1260 4771 1322 4835 elie
1340 4774 1501 4855 naciones,
1524 4772 1581 4837 sed
1599 4772 1748 4837 videntur
1763 4772 1904 4853 odiretq
1918 4796 2044 4839 onmem
2064 4775 2229 4839 ciuitatem

522 4902 587 4956 aet
607 4913 702 4956 omne
723 4887 885 4952 edificium
908 4886 1131 4951 habitacionis.
1176 4886 1259 4950 Nam
1286 4888 1378 4970 quasi
1408 4910 1518 4953 omnes
1540 4890 1686 4953 ciuitates
1709 4900 1740 4953 et
1763 4901 1870 4954 castra
1899 4900 1931 4953 et
1952 4888 2176 4955 habitaciones
2198 4900 2229 4954 et

555 5007 684 5071 edificia
703 5005 881 5084 destruunt,
904 5014 935 5067 et
956 5000 1046 5065 illum
1067 5004 1172 5086 magis
1191 5000 1310 5081 ledunt,
1334 5005 1389 5087 qui
1411 5026 1445 5067 se
1465 5006 1571 5089 magis
1593 5004 1657 5070 illis
1679 5005 1843 5087 humiliat3
1867 5027 1993 5069 omnem
2016 5016 2122 5069 autem
2139 5028 2229 5070 reue

522 5124 697 5193 srenoiam
721 5119 784 5184 sibi
805 5120 924 5183 tactam
947 5128 978 5181 et
999 5138 1092 5180 omne
1111 5116 1298 5204 obsequium
1320 5140 1383 5182 non
1403 5130 1532 5204 gratum
1554 5120 1617 5185 sibi
1639 5130 1800 5207 reputant,
1824 5120 1881 5184 sed
1904 5119 2056 5185 debitum.
2104 5120 2228 5186 Dicunt

555 5291 727 5361 Armeniae,
753 5286 833 5367 quod
855 5305 977 5363 regnum
1004 5285 1146 5343 continuit
1166 5272 1278 5363 partem
1300 5284 1369 5345 cili·
1479 5293 1529 5353 58)
1551 5290 1629 5365 suut]
1652 5288 1763 5349 Notum
1785 5298 1837 5364 est,
1859 5288 1915 5348 hoe
1933 5288 2062 5349 Conradi
2076 5290 2133 5349 111.
2153 5290 2229 5369 Ιωρ.

555 5390 618 5448 eise
639 5398 669 5447 et
681 5385 898 5465 Cappadociae.
935 5383 1117 5462 Mopsvestia
1137 5384 1167 5441 iu
1180 5384 1372 5445 medicusve
1415 5388 1553 5447 exercitui
1575 5408 1652 5448 anno
1678 5393 1752 5448 1147
1776 5386 1927 5449 accidisse.

553 5486 734 5543 Mamistram
755 5483 863 5542 dictam
884 5501 949 5541 esso
970 5490 1092 5540 constat
1480 5488 1530 5559 59)
1552 5487 1656 5562 eorum]
1681 5488 1751 5546 suis.

618 5638 667 5699 sa
696 5633 761 5708 aa]
800 5633 847 5691 ne
880 5629 1040 5691 'rheoaoro
1076 5629 1278 5709 tropaeam
1313 5633 1370 5693 va.
1477 5590 1527 5653 ⁶⁰)
1549 5584 1687 5647 Ρωνθώ·
1710 5585 1747 5646 V·
1769 5590 1816 5647 ²²1

554 5731 687 5793 Neandri
709 5730 774 5791 bist.
796 5731 869 5791 eccl.
890 5742 909 5789 t.
932 5730 963 5789 II
985 5729 1020 5788 P.
1042 5728 1089 5787 lII
1111 5749 1139 5807 p.
1162 5734 1229 5790 944,
1539 5684 1662 5761 stauros
1686 5681 1721 5745 G¹·

1548 5802 1640 5858 syraec
1662 5780 1699 5842 G.

1475 5686 1526 5757 61)

1475 5786 1527 5856 62)

617 5884 668 5954 67)
690 5881 720 5938 ia
741 5899 837 5937 omues
853 5889 962 5955 portes
983 5877 1151 5952 orientales]
1183 5879 1213 5936 iu
1235 5880 1369 5939 omnibus
1476 5886 1525 5954 63)
1548 5900 1674 5939 eruorem
1693 5915 1733 5924 -
1755 5879 1855 5954 locum]
1878 5878 2001 5937 alicuius
2021 5879 2087 5942 loci.

1474 5986 1524 6054 66)

555 5980 686 6060 partibus
708 5977 904 6039 orientalibus.
1547 5980 1639 6055 odire]
1661 5978 1766 6039 odisse.
