5284 7042
1211 741 1246 802 'll

393 919 496 982 eciam
519 916 675 1006 spelunca
697 933 841 984 estante
863 917 1047 1006 speluncam
1070 921 1181 998 istam,
1214 919 1357 985 eiusdem
1386 915 1596 1004 longitudinis
1617 928 1649 982 et
1669 917 1849 984 latitudinis
1870 930 1902 982 et
1922 917 2060 1006 disposi-

392 1034 490 1098 tionis
511 1035 597 1099 intre
619 1047 651 1100 et
673 1045 779 1098 extra.
820 1033 864 1100 Et
889 1033 1038 1100 uidentur
1059 1037 1119 1100 iste
1140 1034 1203 1100 due
1224 1049 1318 1102 extra
1339 1037 1493 1100 existenti
1514 1055 1585 1098 esse
1606 1055 1681 1114 una,
1703 1033 1760 1100 sed
1782 1055 1855 1100 cum
1878 1035 2061 1116 iutraueris,

393 1147 520 1214 uidebis
547 1171 602 1214 eas
633 1149 676 1214 ab
707 1151 843 1214 inuicem
866 1173 925 1238 per
945 1149 1085 1216 medium
1109 1161 1325 1239 separatas·).
1366 1151 1512 1216 Intratur
1539 1161 1647 1216 sutem
1669 1153 1774 1238 primo
1795 1151 1859 1215 ista
1880 1159 1913 1214 et
1931 1148 2061 1214 demum

392 1263 474 1346 alia,
496 1266 529 1330 in
550 1287 615 1353 qna
636 1276 686 1331 est
707 1263 897 1353 sepulcrum.
940 1265 978 1332 ln
1000 1266 1095 1332 istam
1117 1268 1310 1332 exteriorem
1333 1269 1534 1332 intrauerunt
1555 1265 1722 1346 mulieres,
1743 1263 1873 1352 quando
1893 1263 2062 1330 dieelsantt

393 1381 496 1462 „eris
525 1380 669 1447 reuoluet
696 1378 789 1446 nobis
820 1379 1081 1468 lepidem?“⁴⁰³)
1113 1391 1145 1446 et
1175 1393 1293 1448 eetera.
1335 1381 1379 1448 Et
1408 1385 1469 1448 iste
1488 1381 1573 1470 lapis
1595 1395 1665 1448 erat
1691 1380 1863 1447 aduolutus
1884 1383 1968 1446 ostio
1988 1403 2061 1468 spe-

393 1496 486 1562 lunce
507 1496 681 1576 interioris,
701 1509 732 1560 et
754 1497 837 1560 iacet
856 1495 952 1561 bodie
974 1517 1094 1582 magns
1114 1519 1192 1585 pars
1213 1499 1282 1564 eius
1304 1511 1379 1564 ante
1400 1501 1516 1564 ostium
1539 1497 1691 1586 spelunce
1713 1499 1877 1564 interioris
1889 1545 1899 1580 ,
1919 1497 1974 1561 oui
1994 1495 2060 1560 tire·

392 1625 443 1678 rat
472 1611 659 1692 aduolutus,
689 1612 721 1676 in
749 1611 853 1678 medio
879 1613 980 1678 istim.
1022 1611 1097 1680 lllia
1126 1635 1203 1680 uero
1230 1635 1307 1702 pars
1335 1615 1405 1680 eius
1430 1612 1590 1679 manslata
1617 1614 1720 1678 estin
1740 1626 1881 1678 montem
1903 1611 1981 1678 Sion
1999 1632 2060 1698 pro

393 1727 503 1816 lapide
524 1727 735 1815 supponendo
758 1726 864 1792 altari.
908 1727 1012 1810 Quem
1034 1731 1136 1794 eciam
1160 1727 1280 1794 ibidem
1303 1727 1380 1794 nidi.

517 1849 606 1906 Mons
626 1847 780 1918 calcaris,
800 1843 833 1908 in
855 1866 918 1932 quo
938 1843 1099 1910 Dominus
1121 1845 1294 1912 crucifixus
1316 1861 1374 1926 est,
1398 1845 1499 1912 distat
1519 1867 1541 1910 a
1561 1844 1632 1912 loco
1653 1843 1793 1932 sepulcri
1815 1865 1874 1930 per
1892 1841 1987 1908 CXX
2008 1862 2061 1927 pe·

392 1960 561 2038 desl)ll'').
606 1959 650 2024 Et
671 1957 855 2024 ascenditur
876 1959 920 2024 ad
941 1958 1060 2042 locum,
1097 1961 1151 2026 ubi
1174 1983 1254 2028 crux
1279 1963 1381 2028 infixa
1399 1964 1459 2030 fuit
1480 1964 1570 2048 rupi,
1601 1983 1660 2049 per
1682 1959 1793 2026 XVIII
1820 1957 2061 2046 pedes‘)⁸⁹³)a

395 2075 568 2164 superficie
592 2075 768 2162 pauimenti
789 2075 932 2140 ecclesie.
975 2077 1096 2142 Scissis
1119 2089 1210 2164 petre
1234 2077 1392 2156 ciusdem,
1420 2080 1453 2142 in
1475 2101 1539 2166 qua
1560 2101 1641 2144 crux
1662 2077 1722 2142 snit
1740 2075 1823 2154 lixa,
1853 2088 1942 2138 tante
1964 2095 2061 2160 capa·

306 2221 310 2234 ·
393 2193 500 2258 citetis
532 2205 597 2272 est,
626 2203 661 2255 ut
688 2201 787 2276 caput
814 2213 928 2256 mcum
971 2191 1013 2256 Et
1036 2191 1201 2257 descendit
1222 2193 1389 2280 longitudo
1412 2197 1480 2258 eins
1502 2192 1542 2257 de
1564 2193 1635 2258 loco
1655 2191 1874 2256 crucifixionis
1896 2211 1997 2276 usque
2018 2188 2061 2254 ad

393 2309 611 2396 pauimentum
634 2307 767 2371 inferius
789 2329 848 2394 per
868 2305 979 2372 XVIII
1002 2307 1100 2395 pedes
1110 2307 1213 2388 (ψ’),
1236 2321 1267 2374 ct
1288 2309 1377 2374 color
1398 2311 1565 2396 sanguinis
1586 2309 1719 2374 Domini
1740 2307 1842 2372 nostri
1856 2305 1953 2372 lhesu
1967 2305 2061 2373 Chri·

392 2425 434 2488 sti
460 2437 598 2510 apparet
626 2421 721 2488 hodie
748 2423 780 2486 in
811 2425 883 2510 ipsa
911 2424 1067 2488 scissione
1096 2437 1193 2511 petre.
1236 2425 1278 2490 Et
1301 2427 1414 2491 scissio
1437 2429 1509 2514 ipsa
1533 2436 1603 2490 erat
1627 2421 1688 2490 sub
1709 2445 1806 2488 manu
1827 2423 1897 2488 eius
1919 2423 2061 2486 sinistra

393 2537 507 2606 Altare
528 2539 628 2604 eclam
652 2537 834 2602 edificatum
857 2551 905 2602 cst
926 2539 1018 2604 iuxta
1041 2563 1112 2606 cum
1129 2539 1233 2606 lecum
1250 2563 1363 2606 manus
1381 2543 1521 2622 sinistre,
1543 2539 1638 2606 ualde
1651 2539 1812 2613 decorum,
1832 2535 1873 2602 de
1889 2559 2058 2604 marmore.

393 2653 465 2739 Ego
493 2653 564 2720 dixi
592 2655 723 2720 missam
751 2651 791 2718 de
820 2655 971 2741 passione
1000 2671 1031 2720 ct
1062 2655 1126 2742 legi
1155 2659 1340 2744 passionem
1361 2657 1537 2724 secundum
1559 2657 1733 2724 Iohannem
1756 2657 1790 2720 in
1811 2655 1913 2720 missa
1933 2655 1968 2717 in
1989 2653 2061 2718 leco

393 2773 464 2859 ipso
486 2769 645 2858 passIonis
668 2768 797 2836 Christi.

517 2885 772 2961 Pauimenturnr)
794 2884 889 2949 buius
911 2885 1035 2972 capelle
1057 2899 1192 2954 stratum
1214 2901 1263 2954 est
1283 2888 1325 2954 de
1342 2912 1503 2955 marmore
1522 2901 1623 2956 totum
1635 2939 1645 2970 ,
1676 2902 1706 2952 et
1726 2889 1867 2975 parietes
1890 2898 1965 2950 sunt
1983 2887 2061 2950 tecti

393 3023 553 3068 marmore
575 3011 608 3064 et
628 3021 725 3086 opere
747 3001 873 3066 musiuo
895 2999 1038 3067 decorati
1061 3001 1101 3066 de
1122 3025 1201 3068 auro
1224 3007 1407 3091 purissimo.

516 3117 568 3182 De
594 3115 739 3180 caluaria
765 3129 879 3182 contra
903 3119 1057 3182 orientem
1086 3125 1123 3184 2⁴
1153 3119 1289 3206 pedibus
1318 3135 1368 3186 est
1398 3120 1502 3186 altare
1530 3121 1710 3208 quoddam,
1737 3117 1798 3184 sub
1827 3137 1891 3205 quo
1913 3128 2061 3202 estpars

393 3231 577 3320 columpne,
606 3230 650 3297 ad
681 3254 778 3320 quam
801 3231 994 3310 Dominus')
1022 3233 1082 3298 fuit
1109 3233 1306 3322 flagellatus,
1339 3236 1416 3302 illuc
1441 3237 1601 3304 translata
1622 3237 1663 3302 (le
1684 3235 1780 3301 domo
1803 3231 1918 3314 Pilati,
1947 3245 1980 3296 et
2000 3230 2061 3296 sub

393 3347 502 3437 lepide
522 3346 634 3414 altaris
655 3359 704 3412 est
722 3359 818 3428 tecta,
840 3349 884 3412 ite
907 3359 940 3412 ut
961 3369 982 3412 a
1004 3347 1152 3416 fidelibus
1173 3353 1277 3438 possit
1298 3355 1405 3438 tangi,
1434 3353 1539 3418 uideri
1561 3367 1594 3418 et
1615 3351 1766 3418 osculari.
1808 3349 1869 3415 Est
1890 3360 1997 3412 autem
2019 3343 2061 3411 de

394 3465 503 3554 lapide
526 3461 700 3552 porfiritico
722 3461 887 3548 subnigro,
909 3461 1032 3530 habens
1052 3465 1196 3530 maculas
1217 3467 1336 3534 rubeas
1356 3469 1556 3551 neutraliter,
1577 3491 1659 3556 quas
1681 3465 1785 3532 credit
1806 3464 1924 3552 uulgus
1945 3465 2060 3528 tinctu·

392 3589 478 3654 ω’)
500 3601 571 3644 esse
592 3581 757 3664 sangstinis
780 3577 912 3646 Christi.

515 3695 590 3762 Alia
611 3716 688 3783 pars
710 3693 879 3782 columpne
900 3693 1018 3762 dicitur
1037 3697 1195 3765 translata
1217 3721 1288 3764 esse
1311 3699 1634 3788 Constantinopolim.

517 3813 569 3878 Dc
595 3811 689 3876 altari
720 3807 891 3898 columpne
918 3811 1012 3876 huius
1039 3829 1152 3879 eontra
1180 3817 1336 3880 orientem
1364 3815 1407 3880 sd
1429 3815 1461 3880 X
1487 3816 1588 3902 pedes
1619 3813 1826 3880 descenditur
1854 3833 1914 3900 per
1939 3809 2061 3896 gradus

394 3929 641 4004 xnvfflwt:
664 3925 706 3992 ad
726 3925 841 4008 locum,
862 3925 916 3992 ubi
937 3926 981 3992 ab
1002 3925 1129 3994 Helena
1148 3930 1208 3996 fuit
1230 3951 1311 3996 erux
1333 3933 1475 3998 inuenta.

518 4043 561 4108 Et
582 4055 630 4108 est
652 4041 696 4106 ibi
719 4039 844 4128 capella
866 4053 898 4108 et
919 4040 982 4108 clue
1004 4043 1122 4110 ulteria
1142 4044 1236 4132 longe
1257 4047 1342 4112 infra
1362 4062 1493 4112 terram.

517 4159 581 4226 Iste
602 4157 710 4238 locus,
737 4159 770 4221 in
800 4179 862 4244 quo
884 4159 943 4223 fuit
964 4181 1044 4226 crux
1066 4159 1212 4242 detonsa,
1246 4161 1374 4228 uidetur
1394 4163 1473 4230 mihi
1492 4165 1592 4228 fuisse
1613 4184 1711 4226 unum
1733 4161 1774 4226 de
1794 4159 1927 4226 fossatis
1947 4157 2060 4222 ciuita-

390 4281 450 4355 tis,
478 4279 511 4342 in
540 4273 626 4362 ‹puod
655 4295 767 4338 cruces
795 4271 952 4360 depositis
974 4275 1163 4362 corporibus
1193 4279 1290 4342 misse
1312 4279 1442 4344 lucrum
1462 4295 1494 4344 ct
1515 4279 1655 4365 desuper
1676 4275 1789 4342 sordes
1808 4274 1951 4338 ciuitatis
1971 4295 2056 4336 com·

390 4407 535 4482 portate,
556 4390 658 4456 donce
684 4411 740 4478 per
763 4387 919 4454 Helenam
943 4388 1012 4456 loce
1034 4391 1186 4458 mundato
1208 4417 1289 4460 crux
1312 4407 1360 4460 est
1381 4397 1522 4460 inuenta
1564 4393 1673 4480 Prope
1693 4393 1779 4456 enim
1799 4392 1966 4454 ciuitatem
1986 4397 2058 4452 erat

392 4509 482 4577 locus
504 4507 666 4596 passionis
688 4520 719 4570 ct
742 4525 831 4570 ortus
853 4505 886 4570 in
908 4505 977 4571 leco
998 4505 1061 4574 illo.

516 4639 622 4706 Locus
642 4660 730 4718 uero,
751 4637 783 4702 in
806 4659 868 4724 quo
891 4641 978 4702 stetit
1000 4639 1097 4704 beata
1119 4641 1211 4726 uirgo
1232 4665 1303 4706 cum
1326 4639 1512 4707 mulieribus
1533 4639 1607 4706 aliis
1629 4641 1721 4704 iuxta
1742 4661 1891 4718 crucem,
1913 4637 2059 4702 nonfuit

391 4757 452 4823 sub
480 4757 551 4844 ipso
580 4753 714 4820 brachie
736 4755 840 4818 crucis
868 4753 909 4818 ad
933 4753 1130 4843 aquilonem,
1162 4755 1218 4820 sed
1251 4773 1326 4822 antc
1347 4759 1463 4822 taciem
1486 4755 1543 4822 filii
1565 4756 1632 4821 sere
1655 4755 1697 4820 ad
1718 4753 1926 4820 occidentem.
1967 4749 2057 4816 Ilou-

392 4883 513 4940 stratur
536 4873 620 4936 enlm
642 4870 730 4935 locus
754 4871 902 4934 stationis
924 4871 992 4934 eius
1013 4885 1125 4936 contra
1147 4873 1262 4936 faciem
1285 4871 1342 4938 lilii
1364 4873 1534 4960 pendentis
1556 4874 1587 4938 iu
1610 4894 1706 4937 cruce
1721 4869 1781 4936 sub
1798 4882 1906 4935 monte
1921 4881 1952 4932 et
1968 4879 2059 4954 rupe,

458 5080 486 5131 a)
505 5085 564 5122 «sm
583 5097 612 5140 ε
631 5077 786 5138 mmmm
807 5067 846 5122 St.
866 5083 913 5120 ersa
932 5097 961 5106 -
979 5077 1124 5138 asperetur
1141 5067 1166 5122 h.
1190 5099 1206 5108 -
1236 5067 1265 5122 bt
1282 5087 1337 5140 per
1355 5071 1502 5140 luepulsa
1519 5067 1591 5124 Sth.
1608 5087 1662 5140 per
1679 5068 1761 5122 CXX
1776 5065 2057 5120 mimicorum

524 5151 864 5222 -elperippalsrst
908 5149 968 5204 Hoc
992 5153 1129 5220 igortnm
1154 5161 1195 5206 est
1218 5169 1249 5206 ex
1270 5169 1383 5208 numero
1404 5159 1439 5208 te.
1465 5183 1498 5194 -
1521 5141 1772 5224 dlpers‘pu'ie
1793 5149 2059 5220 serpentine

522 5235 627 5290 mn
639 5235 722 5304 peche
734 5232 758 5288 h,
774 5264 805 5275 -
824 5251 849 5286 e·
867 5232 912 5288 Ab
933 5233 983 5288 hoc
1003 5233 1085 5290 verbo
1103 5235 1131 5290 in
1145 5236 1184 5290 St
1203 5235 1300 5306 incipit
1319 5253 1413 5290 verena
1430 5253 1525 5301 novus,
1542 5247 1571 5292 et
1588 5235 1707 5308 margini
1724 5233 1865 5304 adoeripta
1882 5239 1947 5286 aunt
1960 5231 2059 5286 rerba:

524 5319 580 5374 Hic
597 5319 723 5370 inemec
757 5347 789 5358 -
812 5315 838 5373 ll
859 5315 961 5372 vocae.
981 5319 1117 5374 Dosaron
1141 5335 1186 5374 em
1218 5321 1275 5379 St..
1299 5317 1425 5374 meets
1450 5350 1481 5361 -
1514 5330 1543 5392 gl
1557 5323 1686 5393 pictam
1703 5321 1743 5374 St.
1765 5313 1943 5372 &maruli
1967 5346 1999 5356 -
2027 5313 2058 5377 Is)

522 5411 554 5458 tes
573 5405 613 5456 s't
632 5399 755 5456 th'ur
774 5398 800 5456 h.

453 5597 519 5660 lii,
550 5589 681 5648 reuelurt
709 5587 790 5646 nodis
820 5587 977 5664 lapidarii]
1012 5589 1059 5650 Of.
1091 5587 1204 5651 Tebler
1305 5595 1375 5652 tes,
1403 5591 1530 5666 inferius
1553 5611 1612 5668 per
1637 5591 1758 5650 11'111
1778 5591 1880 5666 pedes}
1908 5587 2057 5648 'I'oblmss

390 5685 479 5763 Golp.
501 5709 529 5768 p.
553 5691 619 5747 173.
1243 5687 1385 5748 xxvru
1408 5688 1500 5768 pedes
1521 5687 1590 5748 dare
1610 5689 1733 5750 videtur.
1777 5687 1812 5748 V.
1834 5687 1949 5748 Tobler
1968 5685 2056 5766 Golg.

453 5793 522 5855 see,
548 5785 635 5844 CXX
649 5783 748 5861 pedes}
770 5781 805 5840 V.
829 5783 942 5844 Tobler
961 5783 1047 5862 Golg.
1070 5805 1097 5864 p.
1120 5791 1168 5848 28.
1242 5809 1270 5868 p.
1293 5793 1361 5848 ast.

451 5887 520 5953 sor,
545 5883 614 5958 rupi
632 5903 689 5960 per
710 5883 841 5958 nrm}
864 5881 922 5941 sus
938 5883 1037 5962 regum
1052 5882 1201 5948 xxvru.
1306 5892 1377 5956 sse)
1394 5905 1453 5962 per
1471 5887 1587 5962 oasa
1607 5887 1767 5963 serm}
1789 5883 1826 5944 v,
1839 5884 1953 5946 rouro
1967 5883 2055 5962 θοις.

392 5979 428 6040 V.
451 5979 564 6042 'ronta
584 5979 671 6058 Golg.
695 6003 713 6062 p
746 5985 813 6042 257.
1243 6005 1270 6064 p.
1294 5989 1362 6046 808.
