5284 7042
1372 683 1428 741 tto

515 880 543 931 11
563 880 628 922 non
649 856 796 921 hominis.
840 856 948 921 Vnum
967 868 1030 937 661,
1058 859 1135 944 qnia
1153 861 1224 944 ipse
1245 859 1334 939 dicit,
1356 856 1442 946 quod
1464 855 1562 921 talem
1583 854 1703 921 librum
1724 880 1787 921 non
1810 870 1943 943 possent
1962 858 2070 923 facore
2097 880 2159 923 661
2182 881 2236 924 an-

515 992 546 1043 11
563 973 628 1059 geli
649 995 710 1038 661
731 972 894 1037 demones.
935 970 1036 1035 Aliud
1058 985 1116 1054 661,
1138 972 1234 1057 qnod,
1255 976 1284 1038 si
1307 974 1479 1039 alcoranus
1500 982 1671 1037 66666661
1692 994 1712 1035 6
1726 972 1799 1037 Deo
1812 974 1881 1054 ²¹¹),
1903 975 1936 1037 in
1960 994 1998 1039 eo
2014 986 2123 1039 essent
2139 974 2238 1041 multe

515 1109 545 1159 11
565 1090 823 1153 contrarietates.
859 1086 1488 1153 86116116611116616116611611616166
1506 1089 1602 1167 1616,
1618 1098 1649 1151 ct
1664 1086 1858 1153 contradicit
1875 1088 1937 1153 sibi
1959 1090 2032 1176 ipsi.
2070 1088 2155 1155 Nam
2167 1092 2236 1177 ipse

564 1205 597 1266 in
618 1202 766 1289 pluribus
787 1202 867 1268 locis
889 1202 1040 1287 prohibet
1060 1203 1266 1287 Sarracenis,
1295 1204 1382 1288 quod
1410 1227 1473 1269 non
1503 1202 1643 1267 debeant
1662 1202 1814 1268 altercari
1837 1226 1897 1269 666
1924 1226 2043 1291 aspera
2065 1204 2170 1269 verba
2191 1205 2236 1270 di-

564 1340 637 1383 cere
660 1342 733 1382 cum
755 1316 938 1383 hominibus
960 1318 1092 1382 alterins
1114 1331 1210 1399 seete,
1231 1319 1289 1383 sed
1308 1317 1428 1383 debent
1448 1342 1503 1383 eos
1525 1316 1626 1383 libere
1649 1318 1812 1383 dimittere
1833 1317 1914 1401 Deo,
1938 1320 1993 1407 qui
2015 1318 2128 1405 dirigit
2143 1344 2236 1407 quam

564 1434 620 1498 111
641 1447 674 1499 61
693 1435 771 1498 facit
793 1457 903 1499 errare
925 1456 1005 1519 quos
1027 1432 1101 1512 ult,
1121 1446 1152 1498 61
1172 1434 1260 1519 quod
1281 1436 1345 1520 ipsi
1366 1458 1429 1499 non
1451 1434 1572 1499 habent
1590 1434 1663 1499 Deo
1684 1433 1821 1499 reddere
1845 1434 2009 1501 racionem
2033 1435 2072 1499 de
2086 1435 2161 1517 illis,
2182 1439 2237 1522 qni

516 1566 546 1617 11
564 1560 691 1629 errant,
725 1550 801 1634 quia
822 1550 1040 1634 vnusquisque
1062 1548 1211 1635 sibiipsi
1232 1561 1320 1614 errat
1343 1550 1394 1614 vel
1416 1550 1552 1636 prolicit.
1596 1549 1639 1613 Et
1666 1552 1756 1636 prius
1780 1560 1906 1637 etpost
1933 1552 1967 1615 in
1989 1550 2136 1637 pluribus
2158 1552 2237 1618 locis

516 1686 546 1734 15
564 1668 702 1752 precipit
724 1665 765 1729 de
787 1666 949 1747 alcorano,
972 1664 1100 1729 dicens:
1122 1664 1292 1747 „Occidite
1312 1665 1397 1747 illos,
1420 1666 1474 1750 qui
1494 1688 1557 1729 nou
1580 1663 1730 1747 credunt,
1760 1664 1863 1729 donec
1886 1664 2049 1731 credant“
2091 1668 2237 1735 Primum

564 1792 790 1867 argumentum
819 1780 977 1861 concedo,
1009 1780 1132 1845 seilicet
1158 1780 1245 1866 quod
1274 1782 1381 1867 angeli
1401 1780 1488 1845 nullo
1511 1780 1607 1845 modo
1631 1781 1750 1845 scirent
1771 1778 1822 1845 vel
1844 1779 1963 1847 vellent
1988 1784 2096 1849 facero
2119 1782 2237 1851 librum

564 1909 611 1961 tot
638 1896 816 1961 mendaciis
847 1908 879 1960 et
904 1896 1116 1982 blasphemiis
1143 1906 1174 1959 et
1202 1896 1456 1961 obscenitatibus
1486 1896 1632 1983 plenum,
1663 1896 1816 1961 demones
1844 1919 1921 1961 vero
1950 1897 2032 1963 bene
2065 1902 2237 1967 sciuerunt

517 2012 672 2079 16016116
693 2024 821 2096 tamen,
845 2012 932 2096 quod
954 2036 1027 2075 eum
1045 2034 1163 2097 magno
1186 2023 1303 2076 conatu
1325 2022 1357 2075 et
1379 2010 1592 2077 sollieitudine
1613 2020 1660 2076 tot
1681 2012 1827 2075 facinora
1850 2022 1881 2075 61
1903 2012 2027 2079 6161616
2049 2036 2238 2103 composue-

518 2133 546 2183 tt
565 2140 647 2193 runt.
697 2128 792 2193 Vnde
825 2130 928 2193 eciam
962 2130 995 2191 in
1023 2126 1177 2192 alcorano
1216 2130 1372 2214 scriptum
1408 2139 1471 2209 est,
1509 2126 1596 2214 quod
1627 2124 1933 2211 6111166161116661
1964 2128 2172 2215 demonibus,
2206 2146 2239 2199 61

565 2245 694 2330 quando
723 2248 832 2331 ipsum
862 2243 1055 2308 audiuerant
1077 2244 1242 2324 e19m212),
1266 2242 1354 2327 qnod
1374 2244 1604 2329 interpretatur
1626 2240 1796 2323 demones,
1819 2242 1971 2309 admirati
1993 2256 2067 2312 sunt
2088 2246 2184 2313 valde
2206 2262 2238 2315 et

566 2359 872 2425 commendauerunt
891 2358 1020 2440 librum,
1042 2371 1074 2423 et
1095 2358 1187 2423 multi
1208 2380 1249 2422 ex
1268 2359 1349 2444 ipsis
1373 2355 1563 2423 demonibus
1583 2356 1661 2423 facti
1684 2368 1758 2421 sunt
1779 2356 1963 2423 Sarraceni.

520 2565 548 2615 ts
689 2542 829 2607 Possunt
850 2543 949 2627 igitur
970 2540 1108 2605 facihter
1130 2540 1278 2605 conninci
1293 2538 1465 2604 Sarraceni
1487 2552 1519 2603 et
1539 2538 1698 2603 confutari
1720 2562 1779 2626 per
1800 2538 1901 2605 libros
1924 2552 2050 2609 sanctos
2073 2558 2105 2610 et
2127 2557 2235 2612 ancto-

567 2660 696 2724 ritatem
719 2679 811 2721 sacre
833 2658 1003 2742 scripture,
1024 2679 1083 2743 per
1104 2656 1202 2721 libros
1227 2657 1332 2719 eciam
1354 2654 1619 2741 philosophorum
1643 2664 1675 2719 et
1698 2658 1783 2717 viam
1805 2657 1957 2739 racionis,
1978 2658 2104 2725 facilius
2126 2674 2235 2729 tamen

567 2798 625 2862 per
645 2780 751 2861 ipsum
773 2772 969 2853 alcoranum,
992 2775 1046 2859 qui
1069 2794 1159 2836 suam
1180 2774 1283 2857 ipsius
1304 2770 1480 2835 falsitatem
1503 2770 1775 2835 abhominabilem
1797 2794 1831 2835 se
1844 2770 2026 2857 legentibus
2041 2778 2234 2845 manifestat

519 2904 548 2953 11
566 2892 707 2955 Possunt
728 2890 831 2953 eciam
852 2897 884 2951 et
903 2886 1042 2951 faciliter
1063 2888 1222 2951 confutari
1241 2909 1299 2973 per
1320 2888 1478 2951 nefariam
1501 2888 1602 2951 vitam
1631 2888 1681 2950 sui
1707 2886 1864 2973 prophete
1885 2886 2096 2975 Machometi,
2126 2896 2182 2980 qui
2202 2897 2235 2959 in

516 3026 549 3075 11
567 3008 721 3087 luxuriis,
756 3004 925 3069 adulteriis
958 3013 989 3067 et
1023 3005 1147 3088 rapinis
1174 3001 1390 3067 execrabilem
1410 3024 1511 3087 vsque
1533 3000 1692 3067 adfinem
1714 3004 1813 3067 vitam
1836 3003 1939 3069 duxit.
1982 3006 2048 3071 Nec
2070 3008 2157 3073 valet
2179 3010 2235 3075 ali·

566 3122 644 3209 quid
664 3122 829 3207 responsio
852 3121 1123 3201 sarracenorum,
1151 3121 1205 3203 qui
1229 3118 1356 3198 dicunt,
1381 3117 1465 3205 quod
1488 3116 1618 3203 Moyses
1641 3118 1760 3182 oceidit
1782 3130 1812 3183 61
1833 3119 1943 3185 Dauid
1964 3120 2177 3209 adulterauit,
2205 3136 2236 3191 61

567 3249 674 3302 tamen
695 3247 829 3322 vterque
850 3234 915 3300 Dei
934 3236 1069 3298 nuncius
1092 3245 1123 3297 et
1145 3233 1303 3319 propheta
1325 3234 1400 3315 fuit,
1433 3234 1509 3317 qnia
1538 3234 1572 3296 in
1593 3232 1712 3299 talibus
1736 3232 1911 3300 sceleribus
1934 3260 1997 3302 non
2017 3239 2169 3305 finierunt
2189 3244 2233 3306 vi·

565 3366 642 3436 1616,
665 3352 722 3416 sed
744 3352 906 3415 inuenitur
929 3350 1082 3415 contricio
1105 3362 1137 3413 et
1157 3350 1341 3435 penitencia
1363 3371 1489 3429 eorum;
1513 3347 1553 3411 de
1574 3346 1775 3413 blachometo
1798 3362 1906 3415 autern
1930 3374 1990 3417 nec
2005 3358 2161 3422 contricio
2176 3378 2234 3423 nee

567 3469 751 3556 penitencia
778 3470 958 3545 inuenitur,
984 3463 1042 3529 sed
1069 3486 1196 3550 semper
1224 3462 1792 3529 16661611166661611116611116111
1820 3464 2073 3553 blasphemiam,
2108 3470 2234 3539 dicens:

516 3586 679 3667 11,,1)666
706 3581 874 3646 mandauit
902 3579 1015 3661 michi,
1046 3578 1131 3665 quod
1161 3578 1224 3643 1616
1251 3579 1444 3644 adulterium
1476 3579 1737 3645 cornmittarem.“
1787 3580 1841 3644 Sic
1870 3580 1988 3668 legitur
2017 3586 2050 3648 in
2076 3586 2235 3667 alcorano,

567 3698 697 3787 qnando
719 3710 892 3783 acceperat
912 3718 1048 3761 uxorem
1070 3694 1238 3759 cniusdam
1260 3696 1356 3759 amici
1377 3698 1426 3759 sui
1448 3694 1575 3759 nomine
1598 3692 1708 3775 Zeich,
1730 3716 1801 3759 cnm
1824 3712 2023 3782 argueretur,
2045 3700 2143 3768 dixit:
2167 3704 2235 3787 „Ve

568 3814 637 3896 tibi,
659 3813 769 3893 Zeich,
791 3814 868 3899 qnia
883 3813 974 3878 Dens
996 3814 1161 3877 maritauit
1181 3834 1316 3875 uxorem
1338 3822 1425 3875 tuam
1448 3810 1555 3875 michi.
1596 3810 1640 3875 Et
1660 3820 1758 3875 testes
1780 3812 2005 3879 suntMichael
2027 3828 2058 3881 et
2071 3816 2235 3885 Gabriel.“

516 3920 549 4037 ἐξ
566 3930 611 3995 Ε1
639 3931 716 3994 fecit
741 3927 817 3993 inde
843 3927 946 4013 legem
969 3939 1001 3991 et
1020 3927 1195 4015 capitulum
1217 3931 1249 3991 in
1270 3926 1429 3991 alcorano.
1474 3926 1586 3990 816ιὶ16
1607 3926 1693 4008 fecit,
1721 3926 1850 4011 quaudo
1872 3930 2044 3995 concubuit
2065 3954 2138 3998 cum
2159 3956 2235 4021 qna·

567 4046 642 4111 dam
658 4043 814 4110 Iacobina
835 4045 963 4109 nornine
975 4043 1109 4108 Marica.
1145 4042 1325 4129 Respondit
1347 4042 1474 4106 dicens:
1498 4042 1610 4123 „Deus
1630 4042 1797 4107 mandauit
1813 4042 1920 4126 michi,
1944 4046 2029 4129 quod
2044 4070 2109 4113 non
2128 4074 2235 4117 66116-

516 4148 548 4267 ξὲ
565 4185 633 4227 rem
655 4162 898 4225 iuramentum.“
939 4159 984 4224 Et
1004 4160 1080 4223 fecit
1100 4158 1177 4222 inde
1199 4158 1377 4243 capitulum
1399 4159 1432 4221 in
1454 4156 1616 4221 alcorano.
1661 4156 1746 4237 Quia
1763 4178 1840 4222 vero
1863 4160 2030 4245 predictus
2059 4166 2234 4251 nepharius

565 4278 787 4342 Machometus
810 4275 894 4339 dixit
916 4298 950 4340 se
971 4298 1042 4339 6666
1064 4274 1257 4361 prophetam
1279 4286 1311 4337 et
1334 4275 1486 4339 nuncium
1509 4274 1571 4337 Dei
1594 4274 1728 4337 missum
1751 4294 1823 4337 oum
1846 4275 2001 4342 miraculo
2032 4281 2162 4345 virtutis
2182 4306 2235 4369 ge·

566 4395 723 4475 neratiue,
744 4408 780 4455 vt
801 4391 918 4457 multos
940 4390 1023 4455 filios
1044 4399 1225 4475 generaret,
1248 4400 1282 4453 vt
1304 4389 1558 4455 Sarracenorum
1581 4387 1721 4475 populus
1744 4400 1930 4475 augeretur,
1953 4395 2236 4481 comprehenditur

566 4515 600 4576 in
621 4508 790 4575 mendacio
811 4518 968 4594 patenter,
992 4508 1068 4595 quia
1089 4518 1165 4570 tunc
1186 4505 1304 4569 multas
1325 4528 1445 4569 uxores
1467 4504 1580 4569 habuit
1602 4516 1632 4567 61
1654 4505 1849 4569 6666111666
1872 4518 1903 4569 61
1922 4508 2074 4593 ancillas,
2103 4534 2167 4577 non
2189 4526 2235 4581 ta·

567 4650 640 4691 men
670 4622 784 4690 habuit
809 4625 872 4687 nisi
900 4646 997 4687 vuam
1018 4621 1134 4704 filiam,
1162 4639 1232 4685 curn
1255 4634 1378 4703 tamen,
1407 4634 1442 4684 vt
1464 4644 1498 4685 se
1527 4620 1686 4702 iactabat,
1717 4620 1858 4685 habebat
1879 4624 2030 4689 virtutem
2049 4624 2236 4697 luxuriandi

519 4761 551 4812 26
569 4752 723 4829 quantum
745 4738 866 4803 habent
887 4738 1106 4826 qnadraginta
1125 4736 1279 4803 homines.
1323 4736 1392 4822 Ipsi
1413 4738 1515 4799 eciam
1539 4734 1711 4800 Sarraceni
1734 4735 1889 4801 inducunt
1911 4761 1972 4823 pro
1995 4742 2118 4807 efficaci
2141 4768 2236 4832 argu·

568 4870 675 4922 mento
686 4905 695 4939 ,
718 4854 805 4941 quod
825 4852 1069 4935 Machometus,
1091 4853 1187 4918 homo
1206 4852 1341 4939 ydiota,
1366 4855 1434 4916 sine
1456 4851 1528 4916 Deo
1552 4874 1615 4917 non
1635 4862 1744 4938 posset
1764 4874 1824 4915 neu
1846 4856 2003 4939 potuisset
2023 4858 2132 4925 facere
2154 4860 2238 4928 alco-

518 4992 699 5053 11166116,
726 4970 782 5035 vbi
811 4980 975 5034 61611616
996 4968 1096 5034 multa
1118 4968 1158 5032 de
1179 4990 1263 5033 nono
1285 4980 1316 5032 et
1336 4971 1439 5031 veteri
1460 4976 1661 5032 testamento.
1706 4966 1830 5031 Tamen
1859 4981 1932 5033 suut
1952 4971 1998 5036 ibi
2022 4972 2122 5039 multo
2145 4976 2239 5063 plura

518 5099 681 5155 18116116
708 5109 827 5151 nouum
855 5096 1083 5150 testamentum
1112 5096 1143 5149 et
1169 5094 1275 5148 vetus.
1319 5083 1548 5148 Verumtamen
1577 5085 1790 5148 certissimum
1820 5096 1869 5148 est
1901 5088 1934 5150 in
1963 5089 2110 5156 omnibus
2139 5094 2238 5179 parti-

569 5204 628 5268 bus
651 5202 877 5282 orientalibus,
899 5200 986 5286 quod
1007 5200 1228 5265 Machometus
1250 5198 1365 5264 habuit
1383 5210 1448 5263 tres
1469 5197 1673 5286 pedagogos,
1697 5196 1819 5263 scilicet
1841 5198 1922 5266 duos
1943 5202 2059 5269 ludens
2070 5255 2078 5288 ,
2102 5230 2239 5294 quorum

568 5342 683 5384 nomeu
711 5321 805 5383 vnius
829 5317 928 5383 Salon
951 5318 1054 5382 Persa
1081 5327 1113 5380 et
1141 5337 1258 5382 nomen
1286 5313 1418 5380 alterius
1440 5313 1603 5379 Aabdalla
1632 5314 1731 5401 (quod
1760 5316 1994 5403 interpretatur
2016 5344 2129 5387 seruus
2152 5322 2239 5407 Dei),

519 5435 654 5505 16111116
677 5433 761 5498 8616.
803 5433 919 5499 Ε11611
941 5434 1019 5498 facti
1042 5442 1116 5497 sunt
1134 5429 1317 5514 Serranam,
1341 5442 1372 5495 et
1394 5430 1571 5495 docuerunt
1594 5453 1665 5495 eum
1688 5429 1789 5495 multa
1810 5431 1850 5495 de
1872 5436 1974 5498 veteri
1995 5447 2188 5505 testamento
2209 5449 2240 5505 et

520 5568 552 5619 ³0
569 5549 669 5614 multa
691 5549 731 5613 de
753 5548 902 5615 Talmud.
944 5548 1038 5614 Alius
1060 5558 1166 5612 autem
1186 5546 1249 5610 fuit
1269 5545 1461 5627 monachus,
1483 5556 1516 5609 et
1535 5566 1650 5611 661666
1673 5546 1742 5611 6116
1763 5546 1949 5633 Bahheyin,
1970 5550 2160 5637 Iacobinus,
2183 5558 2238 5643 qui

570 5666 656 5731 dixit
676 5666 705 5729 ei
725 5666 827 5730 611116
848 5666 888 5730 de
908 5687 994 5731 nouo
1016 5674 1206 5728 testamento
1228 5672 1261 5726 et
1281 5660 1419 5748 quedam
1442 5660 1482 5726 de
1504 5660 1643 5747 quodam
1664 5660 1748 5727 libro
1772 5662 1812 5727 de
1840 5665 1982 5731 infancia
2004 5668 2185 5736 saluatoris
2208 5682 2240 5737 61

633 5904 704 5972 211)
726 5900 798 5955 adeo
822 5894 859 5955 G.
1490 5898 1561 5968 212)
1583 5850 1747 5993 1161511
1771 5902 1933 5973 (6111611111).
