5284 7042
1223 707 1286 785 iro

424 896 554 983 qnidam
575 897 608 961 in
629 896 719 959 asino
740 896 776 961 in
798 896 939 963 medium
961 896 1103 963 flaminia
1124 898 1323 965 descendeus
1345 909 1376 963 et
1398 912 1486 965 stans
1509 910 1634 965 erectus
1647 900 1841 965 suceharato
1855 900 1910 975 ¹⁵⁷)
1927 907 2085 985 gutture⁵,

424 1008 664 1099 proclamabat:
694 1010 816 1093 „Uiuat
836 1034 895 1078 rox
918 1024 1028 1079 noster
1050 1016 1083 1079 in
1106 1014 1296 1081 eternum!“
1321 1014 1364 1079 Et
1387 1038 1514 1081 rursus:
1542 1013 1680 1097 „Ualeat
1706 1024 1742 1080 at
1767 1014 1964 1081 confortetur
1985 1012 2089 1079 omnis
2106 1022 2138 1075 tt

425 1124 691 1191 christianitas!“
712 1124 870 1193 Omnibus
891 1140 998 1193 autem
1019 1128 1061 1193 ab
1084 1152 1141 1195 ore
1162 1127 1247 1195 illius
1265 1128 1522 1219 dependentibus
1544 1142 1575 1195 et
1590 1127 1872 1217 respondentibusz
1895 1126 2089 1209 ‚Amisum
2107 1136 2139 1187 tt

425 1240 478 1307 ille
510 1250 711 1328 precantem)
741 1242 774 1305 in
802 1266 920 1331 aquam
948 1242 1191 1310 detrudebatur.
1238 1244 1336 1325 Quod
1363 1268 1427 1311 non
1457 1248 1525 1313 sine
1561 1245 1730 1311 multorum
1760 1246 1828 1309 risu
1855 1256 1904 1309 est
1932 1244 2089 1309 effaetum.
2107 1252 2139 1303 tt

424 1356 554 1425 Deinde
582 1378 640 1421 rex
666 1366 697 1421 et
724 1354 780 1422 alii
807 1358 880 1445 ipsa
907 1380 992 1447 aqua
1021 1358 1288 1445 aspergebantur.
1333 1360 1462 1427 Surisni
1491 1384 1568 1427 uero
1595 1363 1653 1427 toti
1683 1340 1759 1425 liudi
1781 1358 1985 1425 lauabantur.
2028 1358 2089 1423 His
2108 1320 2140 1447 ²1⁸

425 1498 505 1558 ergo
525 1475 588 1539 rite
609 1472 751 1559 peractis
773 1470 882 1539 clerici
904 1472 947 1539 ad
970 1476 1175 1553 monasteria,
1196 1498 1254 1541 res
1277 1498 1355 1541 uero
1379 1486 1411 1539 et
1432 1476 1548 1541 milites
1571 1475 1615 1542 sd
1635 1497 1767 1563 campos
1789 1474 2002 1555 festinabant,
2034 1471 2089 1539 nbi
2108 1454 2140 1505 ²⁸

424 1590 473 1657 illi
494 1591 528 1653 in
549 1586 726 1675 phaleratis
753 1588 843 1675 aquia
870 1588 1086 1655 discurrentes
1108 1601 1140 1655 et
1162 1588 1273 1657 hastas
1302 1591 1539 1679 disrumpentes
1562 1600 1695 1677 egerunt
1725 1588 1817 1655 ludos
1839 1590 2004 1655 militares.
2048 1588 2090 1653 Et
2108 1596 2140 1647 ²⁹

424 1708 472 1771 sic
498 1716 600 1770 totum
633 1702 721 1769 illum
749 1702 833 1769 diem
856 1704 888 1769 iu
915 1703 1023 1769 leticia
1053 1704 1154 1771 multa
1182 1707 1424 1795 expenderunt,
1465 1718 1593 1795 postero
1620 1706 1673 1771 die
1702 1706 1849 1771 omnibus
1878 1704 1921 1771 ad
1951 1728 2008 1771 sua
2042 1728 2090 1771 re·

423 1820 614 1887 secantibus.

549 1933 633 2001 lllud
654 1936 756 1999 eciam
778 1936 907 2012 scitote,
938 1936 1014 2020 quia
1035 1934 1186 2003 dominus
1208 1960 1267 2002 rex
1287 1938 1379 2003 iuxta
1400 1936 1483 2003 banc
1503 1938 1668 2003 ciuitatem
1692 1950 1795 2003 ortum
1818 1936 2006 2001 deliciarum
2027 1934 2091 2001 sibi
2109 1942 2142 1991 ³⁰

427 2054 624 2141 preparauit,
644 2048 687 2113 ad
711 2052 801 2115 cuius
825 2048 959 2115 delicias
981 2050 1212 2117 describendas
1233 2074 1337 2117 meam
1360 2052 1513 2117 confiteor
1534 2052 1810 2118 insufficionciam.

549 2164 675 2231 xxm.
716 2166 814 2231 Festo
834 2166 997 2233 celebrato
1018 2180 1049 2231 et
1070 2167 1206 2233 licencia
1227 2190 1247 2233 a
1269 2168 1399 2233 domino
1418 2192 1507 2254 rege,
1536 2168 1591 2255 qui
1610 2166 1708 2232 multo
1731 2166 1851 2233 bonore
1878 2188 1935 2231 tros
1958 2164 2092 2246 dimisit,
2112 2174 2120 2223 Ι

427 2283 519 2349 nobis
540 2304 693 2345 concessa
716 2282 863 2347 uenimus
885 2288 1055 2346 Naaman
1071 2286 1142 2361 ¹⁵⁸),
1175 2284 1261 2371 quod
1289 2296 1338 2349 est
1365 2296 1504 2349 castrum
1538 2282 1693 2369 optimum
1717 2284 1748 2347 in
1771 2282 1834 2349 alto
1857 2296 1963 2347 monte
1985 2284 2091 2361 situm,

427 2422 521 2487 quem
542 2408 658 2463 natura
680 2398 714 2461 in
734 2396 842 2462 media
863 2397 1001 2485 planicie
1023 2398 1111 2465 illius
1133 2414 1218 2465 terre
1240 2398 1282 2465 ad
1304 2411 1405 2465 totum
1426 2398 1627 2463 commodum
1657 2396 1778 2463 domiui
1809 2398 1895 2480 regis
1917 2396 2091 2463 ordinauit.

428 2514 543 2602 Aquo
564 2536 622 2577 rex
644 2514 715 2599 ipae
735 2514 861 2597 signum
885 2536 977 2578 sunm
1000 2520 1234 2591 ‚‚It'nuerso!“⁴)
1257 2512 1338 2579 solet
1359 2512 1559 2602 proclamare
1575 2514 1640 2589 ¹⁵⁰).
2109 2508 2124 2559 ²

550 2628 589 2693 ln
618 2626 701 2714 pede
731 2628 825 2693 buius
853 2630 968 2694 montis
998 2632 1060 2695 sita
1088 2632 1150 2695 fuit
1175 2628 1313 2719 quedam
1341 2630 1457 2695 ciuitas
1472 2631 1541 2709 ¹⁰⁰),
1569 2630 1660 2691 cuius
1688 2630 1910 2693 auctoritatem
1939 2636 2125 2713 magnam³

427 2748 527 2811 brisso
549 2742 681 2831 quidam
704 2742 863 2809 mirabilis
886 2744 1085 2831 aqueductus
1107 2744 1183 2811 illuc
1205 2768 1302 2833 super
1321 2744 1403 2809 altus
1424 2742 1585 2809 columnas
1607 2743 1650 2809 ad
1672 2746 1817 2833 spacium
1833 2744 1969 2809 duorum
1988 2743 2087 2809 milia·

427 2864 548 2927 riorum
576 2856 751 2947 productus
783 2858 879 2923 hodic
907 2872 1113 2927 contestatur.
1157 2862 1253 2927 quta
1281 2882 1376 2947 quam
1404 2859 1518 2925 beatus
1543 2858 1721 2945 Gregorius
1737 2862 1809 2938 ¹⁸¹2,
1835 2860 1890 2947 qui
1918 2860 1978 2925 sub
2007 2868 2123 2947 «quot

428 3000 486 3043 suo
507 2976 704 3064 depingitur,
727 2974 855 3055 oceidit,
879 2974 966 3056 duur,
985 2976 1074 3063 quod
1095 2978 1229 3063 lugeret,
1252 2978 1357 3063 ipsum
1380 2986 1519 3041 montem
1541 2976 1701 3053 transicit,
1723 2976 1788 3061 quui,
1810 2998 1850 3039 ne
1872 2976 1975 3039 uirum
1998 2996 2090 3039 sauc-

428 3107 495 3159 tum
515 3094 735 3180 insequentem
756 3090 943 3178 impediret,
964 3094 1005 3167 ¹iu
1027 3092 1091 3157 duo
1113 3090 1241 3179 equalia
1263 3116 1297 3155 sc
1319 3090 1468 3157 diuidens
1490 3092 1660 3156 transitum
1682 3094 1760 3155 satis
1781 3090 1906 3175 largum
1930 3092 2091 3179 patefecit.

429 3207 464 3273 ln
484 3209 574 3273 cuius
596 3207 673 3271 lacti
695 3210 882 3273 memoriam
904 3206 1041 3273 ecelesia
1066 3208 1098 3271 in
1120 3206 1233 3273 eodem
1254 3206 1324 3272 loco
1346 3218 1394 3271 est
1417 3204 1576 3271 edificata.
2108 3220 2124 3271 o

550 3322 622 3387 lloc
643 3336 784 3387 castrum
805 3322 904 3387 distat
926 3346 946 3387 a
966 3322 1113 3411 predicta
1133 3324 1264 3387 ciuitate
1285 3322 1335 3388 bis
1359 3332 1497 3410 quatuor
1518 3322 1616 3387 milia.
2108 3338 2125 3387 6

551 3438 672 3504 xxiv,
714 3438 792 3504 lnde
822 3438 968 3503 uenimus
991 3444 1214 3501 Adnmodanam
1228 3442 1299 3522 ¹⁸²),
1331 3438 1417 3527 quod
1445 3450 1494 3503 est
1524 3448 1666 3503 castrtnn
1695 3435 1863 3523 hospitalis
1886 3438 1956 3501 siue
1977 3436 2121 3503 domust

428 3552 690 3619 Alemanuorum.
731 3552 827 3636 Quod
850 3552 1002 3620 dominus
1024 3576 1094 3637 rex,
1116 3556 1171 3641 qui
1194 3576 1322 3642 semper
1336 3552 1531 3619 Alamannos
1547 3552 1669 3631 dilexit,
1692 3556 1738 3617 ais
1754 3576 1814 3641 pro
1828 3552 1970 3617 remedio
1986 3554 2125 3619 animet

427 3690 578 3733 succum
601 3670 686 3735 uillis
708 3670 919 3735 attinentibus
941 3670 1086 3735 donauit
1109 3704 1151 3719 -
1169 3670 1207 3735 ln
1228 3670 1311 3757 pede
1331 3670 1424 3735 huius
1445 3671 1543 3735 castri
1564 3668 1707 3735 decurrit
1728 3666 1859 3753 quidam
1880 3666 2014 3747 fluuius,
2037 3668 2125 3753 quit

427 3786 568 3849 mamnso
588 3787 716 3871 gurgite
736 3786 839 3851 oritur
860 3808 901 3851 ex
923 3786 1085 3851 montanis
1107 3786 1283 3851 llormenio
1304 3800 1337 3851 et
1356 3786 1481 3851 sucinis.
1526 3786 1591 3868 Qui
1613 3783 1717 3850 tribum
1737 3781 1851 3848 diebus
1873 3794 1947 3847 anta
1962 3782 2125 3849 l'almaat

426 3909 458 3964 et
486 3898 590 3965 tribus
618 3914 692 3987 post
721 3914 753 3965 et
772 3902 804 3967 in
830 3902 903 3989 ipso
924 3900 977 3966 ‹lie
997 3902 1079 3967 sesto
1101 3901 1143 3967 ab
1165 3924 1221 3967 ore
1242 3924 1316 3983 suo,
1345 3900 1399 3965 ubi
1421 3902 1523 3966 oritur
1550 3901 1600 3967 uel
1621 3898 1804 3987 egreditur,
1835 3910 1957 3963 tantam
1977 3900 2093 3965 amittit

427 4016 564 4103 piscium
593 4016 848 4099 multitudinem,
876 4028 911 4082 nt
938 4016 980 4083 ab
1010 4016 1158 4083 omnibus
1184 4040 1225 4081 ex
1246 4018 1331 4081 omni
1354 4018 1522 4104 prouincia
1543 4016 1618 4082 illue
1638 4013 1873 4081 confluentibus
1894 4014 2039 4079 carrucis
2059 4026 2091 4079 at

429 4133 610 4197 sommariis
632 4130 843 4197 deducantur.
886 4131 964 4197 lude
986 4155 1089 4219 nuper
1111 4132 1238 4213 accidit,
1258 4146 1293 4197 nt
1307 4132 1431 4197 Latinis
1454 4144 1485 4197 et
1500 4130 1672 4197 Ilomrenis
1693 4130 1733 4193 de
1747 4129 1899 4193 Aduentu
1914 4142 1946 4193 et
1964 4129 2090 4195 Pascha
2108 4154 2124 4203 s

426 4246 666 4337 disputantibus
699 4261 730 4312 et
760 4246 888 4313 diuersa
918 4246 1105 4334 putantibus
1136 4271 1231 4313 uerus
1258 4247 1328 4313 dies
1356 4248 1535 4336 palmarum
1568 4270 1625 4335 por
1658 4246 1843 4310 effusionem
1872 4244 2092 4331 predictorum

427 4364 562 4449 piscium
592 4374 834 4429 monstraretur.
878 4362 972 4427 Unde
1003 4386 1063 4429 rex
1083 4374 1114 4429 et
1137 4362 1293 4429 llormeni
1313 4364 1369 4429 tali
1393 4388 1450 4431 suo
1473 4364 1549 4427 uicti
1572 4362 1793 4449 experimento
1818 4376 1999 4425 nostrorum
2023 4384 2127 4439 sen-0

428 4480 532 4545 tencie
553 4478 770 4560 crediderunt,
792 4502 863 4545 cum
886 4477 928 4543 ad
950 4478 1132 4543 doctrinam
1154 4502 1284 4545 suerrum
1307 4479 1350 4546 ad
1367 4479 1497 4545 Palmae
1519 4494 1590 4543 octo
1611 4476 1723 4543 diebus
1746 4478 1977 4565 peruenissent.
2022 4476 2092 4543 Hoc
2111 4500 2125 4551 r

428 4592 545 4659 llumen
576 4608 608 4659 et
636 4594 700 4660 talo
726 4594 915 4660 miraculum
943 4593 1054 4659 dieunt
1082 4594 1212 4661 beatum
1238 4595 1389 4661 loannem
1418 4594 1592 4685 baptistam
1615 4595 1662 4657 eis
1684 4596 1898 4671 concessisse,
1925 4594 2002 4681 quia
2024 4594 2093 4680 ipse

428 4712 586 4795 percussit
607 4724 744 4797 petram,
765 4720 797 4775 et
817 4710 978 4775 fluxerunt
1000 4734 1092 4797 aque.
1134 4710 1206 4775 lloc
1227 4723 1370 4777 castrum
1393 4712 1531 4777 distata
1556 4710 1701 4775 Nauorso
1725 4708 1788 4773 duo
1808 4706 1906 4771 milis.
2110 4730 2126 4781 u

550 4824 657 4890 XXV.
698 4826 825 4891 Abhinc
847 4838 1042 4891 reuertentes
1065 4848 1177 4891 uersus
1199 4826 1469 4903 Canamellam‘),
1492 4826 1532 4889 sle
1554 4848 1619 4913 qus
1641 4846 1740 4911 supra
1756 4826 1806 4897 ¹⁸³,
1833 4820 1902 4887 dixi
1914 4870 1923 4901 ,
1946 4824 2093 4889 uenimus
2114 4844 2124 4897 r

491 5027 521 5071 a)
539 5022 645 5081 patrare
663 5012 746 5067 titul
782 5012 1071 5076 uaooeeoaiscmrs
1089 5014 1262 5071 correximus,
1284 5046 1305 5055 -
1332 5014 1360 5072 bl
1381 5014 1450 5073 Edit.
1470 5034 1504 5086 pr
1528 5024 1556 5067 et
1576 5014 1598 5067 B
1619 5012 1811 5067 babssrtassis
1886 5025 1913 5065 ct
1929 5022 2093 5083 pnresaptor

562 5096 591 5149 Β.
607 5104 771 5167 pnrmmtor
788 5094 837 5150 lid.
860 5125 869 5134 ·
905 5096 934 5162 d)
951 5106 1091 5149 acutorum
1110 5096 1142 5151 B.
1180 5098 1331 5153 Noreraam
1351 5098 1391 5152 tor
1420 5128 1449 5137 ·-
1467 5103 1493 5167 a)
1511 5106 1679 5151 masmar
1696 5114 1787 5149 serua
1806 5094 1991 5149 Tasmenon
2012 5096 2041 5151 ll

493 5280 560 5347 157,
575 5274 762 5349 asseclarum}
784 5274 876 5349 Quaai
891 5272 1030 5333 sacebaro
1046 5274 1193 5335 conditura
1208 5288 1237 5336 st
1280 5276 1419 5333 Nouerso
1445 5274 1564 5335 libonis
1591 5274 1735 5333 sententia
1756 5294 1910 5351 nuraqaons
1938 5296 2044 5331 operm
2067 5298 2090 5337 s.

426 5376 569 5437 mollitam
590 5387 653 5435 erat
670 5386 777 5451 guttur.
1279 5388 1433 5434 retrorsum
1452 5376 1631 5446 significasse
1655 5371 1776 5433 videtur.

1345 5479 1411 5536 too',
1441 5474 1556 5547 ciuitas!
1592 5472 1737 5531 l'ortasala
1767 5470 1914 5529 Caesarea
1945 5468 1983 5529 ad
2015 5474 2092 5533 Arta·

422 5634 526 5781 ἓξὲξ.
535 5622 737 5781 ¹›spirabat-aus,
759 5620 932 5691 Arisbam.
960 5624 1133 5697 Anavaraa,
1161 5642 1238 5681 nuuc
1278 5570 1407 5731 'affl'
1444 5668 1616 5747 &cymmi
1653 5668 1811 5741 “mmm
1844 5664 1883 5725 ,ΓΙ
2085 5712 2092 5727 ·

501 5742 535 5781 υ
595 5732 782 5781 mmmm
1281 5766 1316 5829 V.
1338 5770 1456 5829 stadler
1477 5766 1757 5842 lleiligsu·Leaicon
1780 5764 1836 5823 rol.
1859 5764 1899 5825 ll.
1922 5772 1980 5827 sto
2002 5787 2044 5846 aq.

492 5874 561 5929 lbll·
581 5871 695 5945 olynum
725 5898 762 5911 -·
790 5868 988 5945 proclrttttorrel
1012 5870 1169 5944 „Signum
1193 5878 1238 5925 eol
1345 5872 1410 5936 lll2,
1437 5866 1639 5941 Maroialum}
1664 5864 1759 5925 latreus
1781 5866 1904 5941 lg'uoltta.

426 5966 592 6045 symbolum
616 5968 755 6034 militare.
778 5986 893 6025 vertrae.
917 5964 1052 6042 baum,
1075 5966 1188 6034 Patale,
1209 5978 1238 6025 at
1345 5972 1399 6027 tuo
1433 5966 1535 6041 aspiro}
1559 5984 1583 6023 c.
1606 5962 1723 6023 Xl'lll.
1746 5972 1772 6025 9,

1833 6074 1882 6127 23”

492 5528 556 5588 156]
588 5522 766 5599 r'l‘ourrsorrrl
801 5521 879 5601 apud
913 5538 1026 5581 veteres
1054 5522 1239 5592 lassamus,
