5284 7042
555 923 589 974 26

556 2570 587 2620 21

556 2945 589 2996 28

556 3443 589 3492 29

1424 717 1465 778 30

729 891 901 974 Η1111111,
924 891 1010 980 quod
1031 893 1144 974 Cham,
1166 893 1251 958 filius
1273 893 1352 972 Noli,
1373 893 1485 978 genuit
1506 892 1664 959 Obsnaan
1685 902 1760 980 post
1779 891 1945 960 diluuium.
1989 893 2148 960 (1111111111
2168 905 2274 962 autem

606 1008 719 1092 genuit
741 1005 911 1090 Sidonem,
938 1009 1188 1095 primogenitum
1210 1025 1320 1090 snum,
1347 1008 1486 1074 Etheum
1509 1020 1540 1074 et
1559 1009 1730 1076 lebuseum
1757 1024 1789 1076 et
1810 1010 2020 1092 Amorrenrn,
2041 1009 2275 1096 Gergeaeum⁸r

609 1133 641 1186 et
662 1121 790 1188 Eueum
813 1133 844 1188 et
865 1123 1065 1208 Aracheum,
1089 1125 1219 1190 Sineum
1242 1135 1272 1189 et
1293 1125 1469 1206 Aradium,
1501 1126 1691 1192 Samareum
1712 1137 1744 1190 et
1764 1125 2002 1203 Amatheumb).
2042 1125 2087 1191 Ilt
2107 1149 2167 1212 per
2186 1125 2278 1202 hoff)

606 1238 806 1304 disseminati
828 1249 901 1303 sunt
923 1239 1035 1327 populi
1057 1240 1313 1307 chananeorum.
1355 1241 1411 1306 Ex
1431 1241 1495 1328 hijs
1515 1240 1565 1306 XI
1585 1241 1661 1306 liliis
1683 1241 1839 1307 Obansao
1861 1252 2009 1328 quatuor,
2030 1241 2154 1306 seilicet
2175 1240 2277 1308 Sidon

607 1357 850 1442 primogenitus,
869 1357 923 1442 qui
947 1355 1109 1421 edificauit
1131 1355 1294 1438 Sidonem,
1316 1366 1350 1420 et
1369 1357 1548 1438 Aracbeus,
1571 1359 1628 1444 qui
1648 1356 1797 1422 Arachne
1818 1355 1983 1437 condidit,
2007 1368 2039 1420 ot
2060 1357 2192 1428 Sineus.
2221 1357 2276 1444 qui

607 1451 795 1556 Synoehim,
817 1481 849 1536 et
863 1471 1016 1552 Aradios,
1039 1473 1093 1556 qui
1116 1475 1219 1536 eciam
1234 1471 1394 1538 Aradium
1414 1472 1568 1553 condidit,
1588 1484 1624 1537 ut
1644 1473 1765 1537 dictum
1787 1486 1837 1536 est
1857 1493 1957 1558 snpra
1971 1473 2041 1553 11ος
2066 1509 2105 1522 -
2126 1483 2274 1558 quatuor,

608 1587 758 1673 inquam,
790 1587 843 1653 isti
864 1597 1052 1652 manserunt
1076 1589 1110 1650 in
1132 1597 1220 1652 terra
1240 1589 1303 1653 ista
1325 1589 1411 1652 circa
1433 1589 1627 1676 principium
1649 1587 1784 1670 Libani,
1815 1599 1850 1653 nt
1871 1600 1978 1676 patet,
2011 1589 2153 1676 reliquus
2173 1599 2279 1653 autem

607 1712 742 1789 septem,
767 1702 889 1768 scilicet
910 1703 1066 1785 Etheum,
1087 1702 1272 1779 Iebuseum‚
1296 1703 1505 1784 Amorreum,
1528 1705 1737 1788 Gorgoneum,
1757 1703 1902 1784 Eueum,
1923 1704 2108 1770 Aracheunr
2129 1715 2161 1769 et
2180 1705 2278 1768 Ama·

606 1817 714 1882 tlreum
737 1817 904 1906 reliquisti,
926 1819 1188 1901 Dominoque,
1208 1819 1299 1884 Deus
1313 1818 1432 1900 lsrael,
1462 1831 1497 1884 ut
1517 1819 1674 1884 baberent
1695 1818 1956 1884 consuetudinem
1975 1818 2146 1907 preliandi.
2188 1820 2277 1884 Pira-

607 1933 709 1998 mides
739 1945 845 2000 autem
879 1937 1013 2000 istorum
1040 1945 1177 2022 quatuor
1194 1937 1247 2010 ¹⁰⁴)
1282 1945 1314 2000 et
1345 1933 1495 2022 sepulcra
1523 1933 1735 2002 ostenduntur
1767 1935 1864 2000 hodia
1894 1937 1977 2002 eitra
2004 1933 2205 2001 Anteradurn
2235 1933 2279 1998 ad

606 2073 703 2116 unam
732 2049 858 2116 leucam
888 2061 1076 2136 sumptuosa
1098 2051 1192 2114 nimis
1220 2062 1252 2116 et
1274 2049 1433 2137 stupendo
1453 2050 1699 2136 magnitudinis.
1742 2050 1888 2138 Lapides
1912 2051 2028 2132 uidit),
2057 2051 2089 2114 in
2111 2052 2159 2116 eis
2179 2059 2278 2118 lmen·

606 2169 718 2232 surani
741 2169 826 2231 enim
849 2165 1003 2253 lapidem)
1025 2166 1140 2250 uiginti
1164 2178 1302 2254 quatuor
1323 2165 1462 2253 pedes‘)
1483 2164 1599 2252 longos
1620 2177 1653 2230 et
1674 2166 1756 2232 latos
1778 2177 1811 2230 et
1831 2169 1953 2254 spissos
1975 2166 2018 2232 ad
2042 2179 2200 2232 staturam
2221 2165 2275 2231 ho-

606 2285 702 2348 minis
725 2283 806 2348 bene
827 2281 927 2366 longi,
949 2283 997 2346 ita
1019 2292 1053 2346 ut
1076 2293 1188 2368 stupor
1210 2283 1252 2347 sit
1272 2280 1394 2347 rudere.
1436 2281 1668 2348 Miraculosum
1690 2281 1802 2362 ualde,
1829 2283 1990 2369 quomodo
2012 2285 2093 2369 erigi
2118 2285 2277 2370 potuerint

606 2399 658 2464 uel
679 2401 711 2464 in
733 2397 860 2463 edificio
882 2395 1046 2462 collocari.

731 2547 762 2612 A
783 2547 883 2612 latere
904 2545 1062 2611 Anteradi
1085 2545 1127 2612 ad
1150 2545 1316 2610 dimidiam
1338 2544 1464 2610 leucam
1486 2555 1599 2610 contra
1621 2547 1777 2611 orientem
1802 2557 1875 2611 sunt
1894 2559 2047 2612 montana
2068 2547 2208 2636 quedam
2221 2549 2275 2621 111)

607 2686 672 2728 non
693 2661 826 2728 multum
849 2663 915 2727 alta
936 2685 996 2727 nee
1017 2661 1268 2738 inaccessibilia,
1296 2675 1332 2726 ut
1353 2659 1484 2748 quidam
1507 2660 1628 2726 dicunt.
1671 2663 1743 2743 Que
1764 2673 1852 2728 terra
1873 2663 2111 2728 Assissinorum
2119 2671 2144 2740 1)
2168 2662 2276 2727 dicun·

607 2791 661 2843 tur
682 2789 714 2843 et
736 2790 819 2846 sunt.
862 2779 914 2844 Dc
937 2779 1002 2843 ritu
1023 2779 1158 2843 istorum
1181 2789 1211 2843 et
1233 2777 1375 2843 moribus
1397 2777 1484 2842 infra
1505 2778 1631 2866 plenius
1655 2778 1789 2846 dicetur.

731 2927 768 2994 ln
788 2927 954 2994 Anterado
983 2927 1096 2992 beatus
1116 2928 1232 2992 Petrus
1262 2925 1362 2990 multo
1381 2937 1527 3014 tempore
1549 2927 1731 3013 predicanit
1745 2931 1815 3010 ¹⁰⁶),
1843 2922 1914 2992 cuin
1935 2925 2139 2993 Antiochiam
2164 2949 2276 3012 perge

607 3056 672 3126 ret,
705 3047 787 3108 siout
814 3047 847 3110 in
882 3045 1024 3110 alueario
1050 3043 1224 3109 Clementis
1238 3045 1292 3120 1οῗ)
1323 3043 1448 3128 legitur.
1491 3041 1534 3106 Et
1563 3043 1711 3109 Clemens
1741 3041 1861 3108 ibidem
1886 3054 2022 3108 matrem
2051 3045 2183 3129 reperit.
2225 3041 2274 3106 lbi

607 3163 709 3225 eciam
732 3159 845 3224 beatus
867 3160 983 3224 Petrus
1006 3161 1146 3246 primam
1169 3157 1339 3224 ecclesiam
1366 3161 1399 3223 in
1425 3157 1547 3222 honore
1569 3157 1662 3222 beate
1689 3158 1827 3244 uirginis
1849 3159 2040 3223 construxit.
2084 3157 2157 3240 Qus
2181 3156 2274 3222 hodie

606 3287 783 3363 permanet.
825 3277 863 3340 In
883 3275 945 3340 hac
966 3298 1026 3360 ego
1047 3271 1209 3338 celebruni
1231 3276 1371 3352 missam,
1393 3296 1469 3338 nam
1493 3297 1551 3338 sex
1573 3273 1687 3340 diebus
1709 3272 1755 3338 ibi
1778 3274 1860 3338 steti.

731 3425 783 3488 De
801 3423 968 3488 Anterado
992 3433 1115 3508 septem
1130 3424 1185 3498 108)
1207 3421 1306 3487 leucis
1328 3433 1378 3486 est
1401 3433 1543 3486 castrum
1566 3429 1711 3503 Moryatlr
1725 3425 1799 3504 ¹⁰⁹),
1821 3423 1956 3488 fratrum
1978 3422 2149 3509 hospitalis
2173 3421 2274 3488 sancti

607 3539 759 3605 Iohannis
773 3541 839 3621 ¹¹⁰),
860 3561 960 3625 supra
981 3538 1145 3604 ciuitatem
1164 3537 1337 3602 Ualaniam
1351 3539 1425 3619 ¹¹¹),
1453 3561 1512 3625 per
1533 3561 1631 3604 unam
1656 3538 1781 3604 leucam
1800 3539 1924 3603 distans
1947 3561 1967 3604 a
1989 3539 2087 3619 mari,
2120 3540 2275 3604 munitum

609 3653 705 3718 ualde
728 3665 759 3718 ct
787 3655 820 3718 in
842 3654 1129 3720 montealtissimo
1152 3655 1255 3718 situm.
1298 3652 1401 3718 Sedes
1421 3653 1631 3740 episcopalis,
1665 3677 1727 3741 que
1749 3657 1874 3720 eratin
1896 3653 2051 3737 Ualania,
2078 3664 2212 3742 propter
2231 3654 2276 3718 in·

675 3865 702 3931 a)
721 3877 858 3913 erroreum
877 3877 927 3928 pen
946 3877 1078 3930 yeseruem
1097 3869 1122 3914 et
1139 3877 1230 3914 eueum
1248 3860 1288 3915 St.
1310 3889 1339 3900 —
1365 3860 1394 3928 b)
1413 3859 1520 3914 Verba:
1537 3869 1562 3914 et
1579 3861 1690 3914 Sinerem
1706 3891 1738 3900 —
1759 3861 1918 3914 Amotieum
1935 3877 1987 3914 orn.
2006 3859 2046 3916 St.
2063 3891 2098 3900 -
2122 3865 2148 3933 e)
2161 3878 2215 3931 per
2229 3861 2278 3913 lios

746 3942 779 3997 St
798 3942 821 3998 h.
845 3952 910 4014 post
936 3945 1002 3998 llaec
1020 3945 1142 4016 Vulgata
1159 3945 1228 4000 Gen.
1248 3941 1283 3998 X.
1308 3947 1347 3998 18.
1375 3973 1405 3982 -
1430 3943 1459 4011 d)
1476 3944 1588 4012 reliquit
1604 3944 1742 3998 Dorulaus
1759 3946 1785 3998 h.
1808 3943 1884 4010 reliq.
1903 3943 1967 3996 Dr're
1983 3941 2022 3996 St.
2051 3976 2082 3986 -
2109 3956 2134 4004 1)
2153 3945 2279 4014 lapidata

743 4029 772 4080 ia
789 4027 828 4082 eie
847 4029 885 4084 St.
904 4057 936 4067 -
954 4026 980 4099 f)
993 4030 1091 4098 perlem
1108 4028 1205 4098 longos
1225 4025 1264 4082 St.
1285 4057 1315 4067 -
1335 4026 1366 4098 g)
1383 4044 1529 4094 myrorum
1547 4026 1587 4082 St.

673 4226 741 4296 102)
765 4233 796 4281 ut
818 4225 925 4282 dietum
947 4233 990 4282 111
1010 4224 1114 4298 supra]
1136 4223 1155 4301 ξ
1179 4227 1225 4286 25.
1531 4229 1600 4298 108)
1624 4225 1669 4282 De
1684 4225 1838 4282 Anterudo
1852 4225 1969 4299 septem]
1989 4223 2100 4282 'Potum
2115 4223 2192 4282 hune
2208 4223 2279 4282 Bur·

676 4325 745 4396 103)
768 4323 916 4399 reliquisti
942 4323 1076 4398 Domine]
1110 4321 1297 4402 Quamquam
1322 4323 1425 4383 vocab.
1468 4321 1569 4380 eberdi
1590 4322 1700 4394 locum,
1728 4321 1778 4401 qui
1808 4323 1903 4401 pergit
1924 4342 2016 4402 usque
2038 4319 2075 4379 ad
2098 4321 2204 4380 rerba:
2233 4343 2282 4380 ua·

607 4420 756 4496 reliquisti
788 4441 847 4480 non
878 4420 981 4500 liquet,
1013 4421 1189 4480 vocabulum
1211 4422 1337 4480 Domine
1358 4422 1425 4501 plus
1467 4441 1522 4497 que
1543 4424 1585 4479 od
1603 4421 1798 4496 Antiochiam,
1821 4419 1923 4479 iisdem
1944 4420 2041 4481 verbis
2063 4421 2133 4478 citat
2155 4432 2185 4480 et
2204 4439 2280 4480 cour·

608 4519 786 4578 auctoritatis
808 4518 916 4578 habere
939 4519 1107 4590 ridebatur,
1128 4529 1157 4578 et
1179 4519 1355 4579 vocabulum
1377 4540 1424 4577 re·
1466 4530 1612 4577 mentatnr
1634 4519 1761 4577 liitterns
1775 4517 1868 4577 XVII
1887 4521 1938 4591 (1).
1956 4523 2012 4580 887
2026 4541 2068 4598 sq.

609 4618 658 4694 liq.
690 4639 711 4676 e.
738 4617 858 4693 reliquit
892 4619 922 4675 in
951 4619 1099 4696 reliquisti
1130 4617 1345 4678 emendandum
1373 4618 1424 4677 du·
1532 4623 1600 4691 108)
1624 4617 1778 4692 diurnali]
1799 4637 1902 4676 reeens
1924 4617 2068 4690 Marlnib,
2095 4617 2282 4682 olbiorltab.

607 4718 711 4776 ximus.
1467 4715 1604 4775 Marksb.
1646 4714 1985 4786 111111111101111).
2009 4719 2178 4776 882-881.

674 4815 926 4890 101)ρί1111111111
952 4825 1048 4874 autem
1070 4817 1192 4873 istorum
1215 4815 1351 4892 quotuor]
1381 4835 1425 4874 ee·
1532 4820 1600 4888 110)
1628 4819 1768 4888 fratrum
1802 4816 1958 4891 hospitalis
1995 4815 2094 4872 suncti
2127 4815 2280 4890 Iohannis]

609 4916 711 4993 pulcra
730 4911 864 4986 Sidonis,
884 4913 1055 4982 Arachaei,
1071 4913 1170 4973 Sinaei
1192 4924 1221 4974 et
1243 4912 1365 4992 Aradii,
1388 4913 1425 4974 de
1467 4913 1556 4971 Anno
1583 4917 1657 4974 1285
1680 4933 1699 4971 1
1721 4912 1873 4973 Calarnno
1895 4913 2017 4972 Sultano
2040 4922 2126 4992 capta
2146 4923 2191 4971 111
2205 4913 2283 4972 Mur·

609 5013 714 5092 quibus
735 5034 762 5075 v.
785 5013 880 5072 1111111
900 5010 993 5072 XVII
1016 5014 1059 5086 (1)
1082 5017 1141 5073 856
1164 5033 1237 5092 sqq,
1258 5013 1308 5072 ubi
1321 5035 1351 5092 p.
1366 5018 1425 5075 858
1466 5011 1544 5088 gath.
1588 5011 1675 5085 Quod
1696 5032 1785 5092 quum
1806 5014 1847 5071 ita
1869 5014 1921 5083 111,
1949 5023 2073 5090 apparet
2098 5011 2171 5070 baec
2191 5011 2282 5072 verba

609 5111 674 5189 ipsa
695 5109 857 5170 Burchardi
876 5110 968 5170 verbs
989 5113 1120 5172 citantur.
1468 5125 1536 5170 autc
1560 5131 1668 5170 anunm
1695 5115 1770 5172 1285
1794 5113 1903 5192 scripta
1923 5131 1995 5170 esse.
2035 5109 2071 5170 V.
2085 5109 2208 5169 Willren
2227 5111 2280 5170 Kr.

673 5213 830 5284 1051111111
858 5219 1001 5268 nieutona
1023 5209 1176 5287 quaedam]
1206 5209 1292 5268 Nunc
1313 5209 1426 5268 Dscbe·
1468 5209 1538 5268 Vll.
1562 5213 1732 5272 ons-692.

608 5307 657 5366 bel
691 5306 832 5366 Soha'rsh
869 5329 892 5369 s.
924 5317 1037 5368 montes
1069 5308 1214 5368 Ismaelis.
1265 5306 1301 5368 V.
1332 5309 1427 5368 Ritter
1533 5314 1602 5381 111)
1632 5329 1728 5385 supra
1765 5309 1914 5368 ciuitatem
1951 5307 2120 5383 Ualaniam]
2157 5305 2282 5366 Constat

608 5405 702 5462 XVII
723 5405 733 5476 (
739 5409 776 5478 1).
800 5411 847 5466 30.
870 5411 937 5468 819.
1466 5427 1564 5466 arcem
1583 5407 1719 5485 Margath
1742 5407 1781 5466 ab
1802 5407 1874 5467 urbe
1895 5408 2022 5468 Valania
2042 5409 2174 5486 (antiqua
2195 5403 2281 5465 Bala-

672 5507 742 5576 106)
762 5503 864 5562 01111111
877 5508 989 5564 Petrus
1006 5505 1187 5582 predicavit]
1211 5506 1258 5564 De
1281 5506 1337 5565 hoc
1351 5505 1423 5565 Bur·
1466 5525 1549 5577 noea,
1570 5515 1687 5566 recente
1708 5505 1850 5570 Balnea,
1871 5507 1999 5580 Baneas)
2022 5505 2188 5578 meridiem,
2221 5523 2281 5563 non

610 5600 710 5661 ohardi
732 5601 796 5659 loco
819 5601 934 5662 disserit
954 5604 1048 5664 Ritter
1069 5604 1162 5664 XVII
1183 5605 1235 5680 (1).
1260 5609 1328 5666 863.
1465 5606 1690 5683 septentrionem
1715 5625 1816 5664 vorsus
1839 5615 1979 5683 spectare.
2022 5605 2121 5664 Unam
2143 5623 2282 5683 parasan-

676 5705 744 5774 107)
773 5700 803 5757 in
831 5703 966 5760 olueorio
997 5703 1160 5780 Clementis]
1188 5701 1286 5776 Quum
1308 5705 1338 5762 in
1358 5702 1424 5764 Ole-
1465 5723 1548 5781 gam,
1571 5709 1607 5764 30
1632 5702 1735 5774 stadia,
1759 5709 1776 5764 8
1797 5704 1940 5778 milliaria,
1965 5702 2019 5781 1¹!⁴
2041 5703 2128 5762 horas
2145 5703 2281 5781 Margath

609 5800 714 5858 mentis
736 5797 866 5875 Recogn.
888 5800 958 5860 VII.
984 5809 1008 5862 1.
1031 5807 1048 5862 2
1076 5825 1105 5882 p.
1132 5808 1188 5863 156
1215 5801 1261 5862 sd.
1284 5800 1425 5862 Gersdor·
1465 5823 1484 5862 a
1506 5803 1633 5862 Ualania
1654 5801 1758 5862 abesse
1780 5802 1894 5862 dicitur.
1937 5803 2061 5859 Flumen
2082 5803 2200 5882 quidem
2222 5802 2282 5860 Va·

609 5906 704 5965 tianae
732 5903 837 5964 Petrus
872 5897 992 5957 biduum
1020 5909 1131 5960 tentum
1162 5901 1307 5960 Antaradi
1333 5901 1423 5961 fuisse
1465 5903 1543 5961 lania
1569 5902 1654 5975 iufra
1678 5901 1830 5961 castellnm
1851 5900 1986 5977 Margath
2008 5902 2096 5960 intrat
2116 5922 2204 5962 mare.
2243 5899 2280 5962 V.

610 6003 738 6076 dicatur,
760 6002 859 6062 nescio
882 5997 952 6077 quid
974 5999 1011 6058 sit
1033 6001 1197 6059 alvearium
1223 6000 1386 6060 Clementia.
1463 5999 1557 6059 Ritter
1577 5999 1672 6058 XVII
1689 6001 1741 6072 (1).
1765 6005 1832 6062 804.
