5284 7042
1418 721 1455 783 12

598 897 716 962 Fratre
744 896 950 980 Borchardo,
979 917 1073 982 quern
1102 911 1265 961 nostratem
1299 897 1378 962 dicit
1385 948 1394 981 ,
1429 899 1586 986 scriptum
1613 898 1699 964 deno
1731 900 1914 985 accepisse,
1945 895 2094 984 idemque
2131 899 2165 962 in
2185 898 2267 964 duas

600 1021 722 1078 sectum
745 1020 856 1100 partes
888 1034 947 1098 per
982 1012 1195 1100 capitulorum
1235 1013 1462 1100 paragraphus
1496 1014 1696 1080 distinxisse.
1758 1013 1911 1100 Sequitur
1943 1011 2077 1078 deinde:
2119 1017 2268 1094 Proloqus

596 1133 715 1208 primus
754 1131 976 1208 descriptionis,
1010 1129 1201 1214 inscriptus:
1244 1132 1351 1192 Sacris
1382 1134 1522 1211 theologis
1560 1153 1598 1194 uc
1633 1133 1733 1192 diuins
1768 1135 1840 1211 lepis
1874 1131 2131 1192 concionatoribus
2159 1137 2269 1206 srntsr

604 1246 834 1324 Chirodamas,
861 1247 977 1306 ordinis
1003 1247 1206 1324 predicatorii
1232 1251 1371 1308 alumnas
1392 1268 1429 1308 nc
1449 1249 1646 1326 theoloporarn
1665 1249 1801 1308 minimas
1822 1249 1853 1310 S.
1896 1243 1996 1310 Cuius
2017 1244 2053 1308 in
2079 1243 2143 1308 fine
2165 1242 2269 1330 Chry·

601 1369 761 1425 sostomns
781 1358 935 1424 lavellus:
962 1361 1085 1440 Stilurn,
1111 1361 1228 1446 inquit,
1259 1364 1347 1423 baias
1368 1364 1526 1424 reuerendi
1540 1365 1662 1440 patris,
1690 1358 1883 1436 (Barchardi
1902 1358 2035 1424 Almani
2054 1381 2148 1446 quem
2170 1381 2269 1446 snpra

599 1483 707 1552 vocat)
739 1478 868 1554 simplici
895 1477 1080 1555 conpr-nitate
1107 1488 1273 1538 currentem
1300 1489 1421 1538 amato
1449 1480 1565 1556 quidem
1589 1481 1749 1539 omnimodo
1775 1498 1829 1538 suo
1854 1498 1943 1538 ssnsa
1967 1480 2125 1555 paululum
2151 1479 2270 1538 elsanrc

602 1594 756 1670 constitui,
789 1613 824 1654 nc
854 1614 891 1652 ecc
917 1593 1106 1670 simplicitate
1135 1614 1191 1654 san
1219 1595 1305 1654 lectio
1332 1597 1417 1670 apud
1444 1595 1533 1654 baius
1553 1596 1645 1656 secali
1664 1595 1814 1671 sapientes
1836 1595 1905 1654 uilis
1925 1595 2078 1656 labentur.
2120 1587 2270 1678 Apparet

601 1706 711 1792 igitur,
736 1704 1003 1792 Chrysostomum
1024 1705 1180 1772 lavellum
1202 1705 1315 1788 solum,
1334 1729 1399 1772 non
1420 1707 1571 1772 Hostium
1592 1729 1718 1792 quoque
1733 1706 1915 1773 Burchardi
1934 1705 2053 1772 librum
2075 1705 2268 1792 paraphrasi

602 1823 884 1908 circumscriptum
906 1831 1047 1886 mutasse
1069 1843 1107 1886 ac
1129 1822 1339 1888 deformasse.
1380 1821 1554 1908 Prolognm
1576 1821 1662 1888 hunc
1682 1823 1805 1910 excipit
1825 1826 2004 1901 universale,
2024 1819 2111 1907 quod
2131 1818 2270 1886 lavellus

600 1935 687 2016 dicit,
710 1941 915 2016 incensorium,
940 1939 961 2004 i.
985 1959 1012 2000 e.
1034 1936 1133 2002 index
1151 1960 1171 2003 a
1192 1937 1315 2003 lavello
1336 1938 1515 2020 confectus,
1541 1959 1605 2024 que
1625 1937 1725 2004 multe
1746 1937 1861 2003 melius
1883 1936 1924 2001 de
1942 1935 2133 2002 Burchardo
2152 1938 2270 2002 meruit

600 2074 697 2139 quam
721 2051 915 2139 paraphrasi
938 2052 1011 2134 ista,
1034 2075 1117 2140 quae
1137 2074 1223 2117 nime
1244 2075 1304 2140 pre
1326 2053 1459 2120 meliore
1481 2063 1590 2118 textus
1611 2055 1800 2118 recensione
1820 2052 1933 2118 haberi
1954 2051 2091 2118 videtur.

722 2167 832 2234 Editio
854 2167 944 2251 haec,
967 2189 1031 2255 qua
1052 2168 1146 2234 nobis
1166 2170 1213 2233 uti
1234 2169 1379 2254 contigit,
1399 2170 1503 2234 estin
1523 2169 1727 2234 Bibliotheca
1747 2170 1838 2254 regia
1858 2167 2069 2234 Berolinensi.

723 2283 838 2350 Restat
868 2293 903 2347 ut
930 2305 1036 2370 pauca
1065 2282 1222 2350 addamus
1251 2285 1291 2350 de
1327 2285 1430 2351 altera
1456 2283 1606 2350 editionis
1633 2296 1768 2350 venetae
1800 2294 1909 2374 parte,
1945 2285 1979 2347 in
2006 2281 2269 2369 compendiosam

598 2399 744 2487 Aegypti
767 2398 1019 2486 descriptionem
1042 2400 1198 2464 exeuntis.
1240 2401 1337 2466 Hunc
1356 2400 1432 2466 libri
1455 2400 1552 2465 finem
1565 2399 1748 2465 Burchardi
1773 2423 1838 2465 non
1859 2422 1931 2465 esse
1951 2409 2153 2485 compertum
2174 2396 2268 2462 hahe-

599 2539 670 2580 mus
692 2537 734 2580 ex
754 2514 826 2600 ipso
848 2523 998 2596 auctore,
1027 2525 1190 2580 asserente
1212 2538 1247 2580 se
1269 2515 1370 2582 solam
1390 2500 1510 2582 terram
1532 2527 1680 2582 sanctam
1695 2515 1931 2603 descripturum
1945 2537 2027 2581 esse.
2063 2514 2112 2582 Of.
2126 2514 2271 2580 Histoire

597 2630 643 2697 lit.
665 2629 705 2694 de
727 2628 759 2694 la
780 2629 908 2694 France
929 2629 1013 2694 XXI
1041 2635 1108 2700 182.

599 2765 720 2838 Edtlt'o
745 2763 810 2837 ῙῙῙ
824 2775 854 2838 ei
881 2764 940 2840 IV
964 2783 1052 2849 1532.
1078 2783 1209 2842 Parisiis
1232 2792 1259 2842 ct
1280 2783 1377 2844 Basil.
1407 2785 1473 2846 Fol.

766 2895 927 2960 Locorum
944 2905 1051 2960 terrae
1064 2903 1196 2961 sauctae
1210 2897 1422 2960 exactissima
1432 2895 1607 2984 descriptio
1622 2905 1753 2960 auctore
1765 2895 1866 2960 fratre
1879 2893 2087 2960 Broccharde
2103 2891 2269 2959 monacho.

808 3011 919 3076 Editio
946 3011 1026 3076 haec
1054 3011 1138 3075 inest
1165 3011 1200 3075 in
1228 3009 1312 3076 libre
1342 3011 1516 3098 inscripto:
1549 3011 1662 3077 Novus
1690 3009 1778 3075 orbis
1807 3011 1995 3097 reigionum
2022 3032 2062 3075 ac
2089 3009 2267 3075 insularum

766 3126 950 3206 velteribus
971 3127 1220 3211 incognitarum.
1241 3163 1283 3173 -
1303 3163 1345 3174 -
1374 3125 1510 3192 Parisiis
1529 3126 1618 3214 apud
1639 3125 1812 3192 Galeotnm
1832 3149 1852 3191 a
1873 3127 1973 3191 Prato
1995 3127 2029 3191 in
2051 3125 2126 3191 aula
2147 3125 2268 3191 maiore

764 3244 848 3330 regii
881 3241 996 3328 palatii
1023 3241 1065 3306 ad
1094 3243 1234 3328 primam
1263 3241 1454 3306 columnam.
1496 3243 1534 3308 In
1560 3243 1624 3308 fine
1644 3241 1777 3328 legitur:
1804 3242 2001 3330 Impressum
2023 3242 2161 3307 Parisiis
2183 3237 2269 3328 apud

765 3357 941 3423 Antonium
954 3355 1172 3442 Angerellum‚
1187 3357 1341 3443 impensis
1354 3357 1486 3423 Ioannis
1497 3358 1598 3423 Parui
1617 3369 1648 3423 et
1661 3355 1791 3422 Galeoti
1803 3357 1940 3424 aPrato.
1953 3354 2266 3424 AnnoMDXXXIl.

768 3473 846 3538 Vlll
867 3471 977 3540 Calan.
1001 3471 1174 3536 Novembr.
1201 3471 1273 3538 Fol.
1294 3474 1372 3538 min.
1413 3473 1524 3539 Editio
1545 3473 1626 3538 haec
1646 3473 1857 3542 Beekmanno
1878 3476 1990 3560 ignota
2011 3485 2197 3539 asservatur
2210 3471 2271 3537 Be·

766 3587 861 3654 rolini
891 3591 925 3654 in
947 3586 1145 3653 bibliotheca
1169 3589 1260 3674 regia
1281 3599 1313 3654 et
1333 3589 1518 3675 Hamhurgi
1543 3591 1577 3654 in
1597 3589 1800 3656 Bibliotheca
1819 3591 2021 3657 commercii.
2065 3588 2128 3656 eui
2154 3587 2266 3654 similis

767 3715 815 3769 est
836 3703 1037 3786 basileensis,
1059 3705 1234 3792 inscripta:

725 3837 836 3902 Novus
869 3835 958 3901 orbis
987 3835 1176 3922 regiolnum
1207 3858 1245 3901 ae
1272 3835 1452 3902 insularum
1477 3836 1642 3902 veteribus
1669 3837 1921 3920 incognitarum,
1945 3839 1950 3922 Ι
1979 3859 2044 3902 una
2067 3859 2139 3903 cum
2159 3835 2270 3902 tabula

603 3952 871 4040 cosmographica
893 3961 925 4018 et
946 3951 1068 4037 aliquot
1089 3951 1162 4017 aliie
1185 3952 1362 4018 consimilis
1380 3953 1386 4038 Ι
1404 3953 1587 4039 argumenti
1606 3950 1725 4016 libellis
1731 4001 1741 4034 ‚
1769 3975 1904 4040 quorum
1932 3954 2074 4019 omnium
2101 3952 2267 4038 catalogus

602 4069 750 4156 sequenti
777 4066 901 4156 patebit
929 4069 1058 4154 pagina
1082 4069 1087 4152 Ι
1114 4067 1177 4134 His
1199 4070 1336 4134 accessit
1361 4071 1513 4157 copiosus
1542 4091 1649 4134 rerum
1676 4069 1934 4134 memorabilium
1957 4068 2065 4134 index.
2090 4070 2095 4150 Ι
2121 4069 2268 4134 Basileae

600 4185 690 4274 apud
704 4186 750 4251 Io.
765 4185 967 4270 Hervagium
988 4205 1098 4249 mense
1116 4185 1120 4267 Ι
1139 4183 1268 4268 Martio,
1291 4207 1376 4251 anno
1396 4183 1627 4250 M.D.XXXll.
1646 4185 1652 4268 Ι
1671 4183 1737 4250 Ubi
1759 4207 1833 4271 pag.
1848 4189 2011 4256 tea-329
2028 4195 2077 4250 est
2089 4184 2269 4250 Borchardi

601 4301 778 4388 descriptio
809 4311 916 4366 terrae
949 4310 1088 4365 sanctae.
1131 4299 1281 4367 Ceterum
1301 4299 1438 4366 loannes
1458 4300 1646 4366 Huttichius
1674 4301 1847 4366 canonicus
1874 4301 1999 4388 primus
2027 4302 2135 4388 operis
2156 4314 2269 4364 auctor

601 4418 700 4482 lusisse
736 4393 862 4483 dicitur.
912 4416 988 4482 Vid.
1010 4415 1132 4482 Carnus
1166 4415 1320 4482 memoire
1352 4438 1407 4481 sur
1443 4415 1475 4480 la
1502 4415 1671 4481 collection
1698 4414 1756 4481 des
1782 4416 1905 4502 gande
1933 4426 1965 4480 et
1992 4417 2088 4503 petits
2115 4437 2267 4502 voyages.

600 4535 696 4599 Paris
721 4538 798 4602 1802
819 4556 893 4620 pag.
916 4538 944 4598 6.
966 4569 1006 4580 -
1028 4530 1139 4596 Editio
1162 4529 1354 4597 basileensis
1375 4543 1424 4597 eet
1443 4533 1477 4596 in
1495 4529 1699 4596 Bibliotheca
1720 4530 1807 4618 publ.
1828 4531 2079 4618 Hamburgensi.

601 4669 723 4742 Blitea
756 4667 790 4743 V
815 4685 901 4748 1536.
929 4687 1074 4761 Antvcrp.
1104 4682 1132 4746 8.

766 4798 974 4884 Deserilptio
1005 4807 1111 4862 terrae
1138 4806 1269 4862 sanctae
1293 4797 1298 4879 Ι
1323 4796 1549 4877 exactissima,
1579 4805 1692 4859 autore
1719 4794 1886 4862 Brocardo
1914 4795 2107 4880 monalcho,
2139 4794 2267 4862 libellus

766 4915 951 4980 diuinarum
973 4913 1227 4999 scripturalrum
1259 4912 1412 4978 studiosis
1440 4910 1540 4976 mtdtb
1559 4912 1564 4994 Ι
1582 4909 1781 4976 utilissimus.
1811 4912 1815 4994 Ι
1833 4911 1886 4976 De
1915 4912 2008 4976 nouis
2030 4910 2143 4977 insulis
2164 4933 2269 4998 nuper

643 5037 646 5044 '
766 5031 904 5117 repertis
933 5039 965 5094 et
995 5028 1036 5093 de
1065 5027 1070 5110 Ι
1102 5027 1245 5094 moribus
1273 5027 1454 5093 incolarum
1484 5027 1659 5093 eorundem
1686 5030 1691 5106 Ι
1721 5049 1780 5114 per
1808 5027 1940 5092 Petrum
1972 5025 2152 5114 Martyrem
2181 5027 2186 5110 Ι
2213 5048 2268 5092 ree

768 5145 854 5212 lectu
881 5145 989 5232 digna.
1017 5144 1022 5225 Ι
1045 5145 1245 5230 Antverpiae
1269 5143 1273 5226 Ι
1301 5145 1334 5208 in
1360 5142 1495 5208 aedibus
1521 5143 1651 5208 loannis
1675 5141 1817 5225 Steelsii,
1842 5147 1847 5224 Ι
1872 5164 1956 5207 anno
1979 5145 2000 5206 le
2022 5141 2151 5210 Christo
2174 5145 2264 5224 natal

766 5259 1012 5327 M.D.XXXVI.
1041 5267 1067 5330 8.

727 5377 925 5444 Asservatur
947 5379 980 5442 in
1000 5374 1205 5441 Bibliotheca
1229 5374 1362 5462 publica
1382 5373 1634 5462 Hamburgensi.

603 5513 725 5587 Edam
758 5511 812 5586 Vl
835 5533 921 5595 1537.
948 5530 1045 5592 nostr.
1075 5529 1141 5590 ror.

770 5643 862 5707 Haec
890 5640 987 5706 editio
1018 5642 1175 5727 inscripta
1208 5649 1256 5705 est
1292 5641 1376 5705 sicut
1400 5649 1523 5728 quarta.
1578 5638 1716 5705 Adiecta
1745 5651 1794 5705 est
1820 5639 1895 5705 huic
1922 5649 2105 5727 postremae
2132 5639 2266 5705 editioni

767 5759 932 5843 naudgatio
955 5756 1066 5823 Caroli
1088 5756 1240 5822 Caesaris
1265 5758 1412 5844 auspicio
1435 5759 1469 5822 in
1490 5756 1628 5822 comitiis
1649 5756 1838 5840 augustanis
1864 5757 2020 5821 instituta.
2059 5755 2185 5821 Prodiit
2203 5755 2266 5821 Ba·

768 5875 866 5941 sileae
888 5873 976 5960 apud
997 5876 1040 5941 Io.
1062 5873 1262 5958 Hervaginm
1282 5895 1393 5938 mense
1412 5866 1537 5939 Martio
1552 5895 1636 5938 anno
1656 5873 1918 5941 M.D.XXXVII.

729 5993 803 6059 Vid.
826 6014 902 6078 pag.
922 5995 1092 6060 aas-329.
1135 5988 1196 6054 Est
1217 5989 1250 6056 in
1271 5989 1475 6056 Bibliotheca
1496 5987 1627 6076 publice
1649 5987 1897 6074 Hamburgensi.
