5284 7042
1177 731 1215 794 87

364 909 502 976 hominis
524 925 555 974 et
571 911 664 974 annis
680 909 816 995 singulis
832 909 1041 988 seminantur,
1063 907 1148 974 soliis
1162 909 1238 972 vitis
1254 905 1425 987 similibus,
1446 907 1657 984 minoribus⁸)
1673 922 1790 974 tamem
1826 907 1870 972 Et
1882 919 2034 974 crescunt

363 1025 498 1092 folliculi
519 1025 663 1114 quidam,
687 1023 859 1110 inquibus
880 1037 928 1088 est
950 1023 1033 1090 lana.
1078 1025 1149 1104 Quo
1171 1021 1336 1110 colligitur
1357 1025 1445 1088 cirea
1465 1025 1584 1088 festum
1608 1025 1711 1088 sancti
1732 1023 1911 1090 Michaelis.

490 1145 592 1206 Corne
614 1146 707 1204 mellis
729 1141 877 1206 similiter
899 1151 1046 1204 crescunt
1066 1139 1122 1221 ibi,
1145 1163 1206 1228 quo
1227 1151 1300 1204 sunt
1314 1137 1469 1210 similesl)
1484 1141 1597 1204 cannis
1612 1139 1842 1220 communibus,
1865 1137 1925 1204 sed
1935 1141 2036 1206 maio·

364 1279 424 1324 res.
468 1257 606 1322 interius
627 1267 701 1322 sunt
723 1279 811 1337 caue,
832 1255 888 1320 sed
911 1255 1004 1343 plens
1027 1254 1168 1342 quadam
1191 1277 1311 1342 porosa
1334 1256 1536 1336 substancia,
1564 1277 1625 1342 que
1647 1268 1698 1321 cst
1718 1255 1877 1343 disposita
1896 1257 1980 1322 sicut
2000 1255 2038 1322 il·

364 1371 436 1446 lud,
467 1372 552 1460 quod
574 1371 620 1438 ibi
641 1373 805 1438 inuenitur
826 1373 859 1438 in
883 1373 983 1452 uirgis
1006 1370 1201 1448 sambnoc0).
1243 1371 1288 1436 Et
1315 1385 1364 1436 est
1385 1369 1519 1436 humida
1540 1369 1728 1435 substancia
1747 1369 1804 1436 illa
1825 1371 1929 1436 ualde.
1971 1372 2038 1438 Isto

365 1509 468 1553 canuc
496 1487 628 1554 collecte
657 1487 842 1554 inciduntur
870 1486 912 1552 ad
942 1485 1174 1572 longitudinem
1205 1485 1311 1574 palme
1336 1485 1485 1565 dimidio,
1513 1500 1545 1550 et
1566 1489 1614 1550 sic
1634 1489 1861 1574 exprimuntur
1882 1488 1916 1551 in
1936 1487 2038 1574 prelo.

367 1605 462 1689 Aqua
490 1603 565 1668 inde
593 1627 751 1692 expressa
784 1605 932 1690 coquitur
966 1604 998 1666 in
1020 1601 1174 1667 caldariis
1195 1603 1302 1684 eneis,
1334 1614 1367 1668 ct
1388 1605 1566 1690 inspissata
1587 1601 1747 1688 colligitur
1768 1603 1803 1666 iu
1822 1603 1970 1691 cophinis
1979 1605 2040 1681 ⁸³⁵)

366 1719 407 1784 de
428 1719 600 1786 subtilibus
623 1719 798 1784 uiminibus
819 1720 989 1782 contextis.
1033 1717 1128 1798 Quod
1152 1717 1307 1805 patdatim
1329 1731 1444 1806 postea
1467 1721 1703 1784 exsiccaturus
1724 1717 1915 1800 induratur,
1937 1731 1969 1784 et
1990 1721 2039 1786 sic

364 1835 502 1900 efficitur
525 1841 684 1914 sucaral).
727 1833 873 1900 Distillat
895 1845 1012 1917 tamem
1035 1835 1225 1922 priusquam
1246 1833 1424 1916 induretur,
1446 1833 1488 1900 ds
1509 1835 1592 1922 ipsis
1611 1833 1719 1922 liquor
1738 1833 1881 1922 quidam,
1901 1837 1958 1922 qui
1975 1835 2038 1901 mol

367 1973 483 2016 zucare
504 1949 632 2031 dicitur,
655 1951 811 2016 delicatus
833 1949 928 2016 ualde
950 1961 981 2014 ct
1003 1963 1098 2038 aptus
1121 1951 1254 2016 cibariis
1276 1950 1475 2016 condiendis.
1516 1949 1584 2016 late
1614 1953 1748 2038 insuper
1768 1973 1872 2016 caune
1892 1950 2037 2016 incidun·

367 2081 418 2132 tur
439 2071 472 2132 in
494 2067 694 2152 longitudino
716 2067 810 2132 unius
831 2065 940 2152 digiti,
969 2067 1014 2132 ita
1035 2079 1159 2148 musea,
1190 2065 1275 2154 quod
1304 2067 1364 2132 iste
1392 2065 1550 2154 particule
1581 2087 1709 2153 semper
1729 2068 1763 2130 in
1784 2065 1891 2131 medio
1913 2067 1963 2130 sui
1983 2089 2038 2132 no

367 2183 443 2248 dnm
465 2182 615 2262 habeant,
636 2185 711 2268 quia
734 2181 843 2270 plures
864 2195 938 2248 suut
960 2185 994 2248 in
1016 2203 1121 2248 canoa
1143 2205 1214 2248 una
1258 2183 1323 2248 lste
1346 2179 1505 2269 particule
1527 2182 1752 2247 subterraomr
1773 2193 1917 2270 tempore
1938 2205 2039 2248 uerno

367 2301 400 2364 in
426 2299 505 2366 loeis
535 2297 693 2376 humidis,
724 2310 756 2363 et
781 2301 863 2386 ipsis
891 2297 1058 2386 particulis
1080 2309 1229 2362 crescunt
1249 2321 1334 2364 noue
1355 2321 1475 2380 canno,
1507 2300 1554 2362 ita
1574 2310 1610 2362 ut
1631 2297 1672 2362 do
1693 2297 1830 2382 singulis
1852 2297 1949 2376 duo‘)
1971 2321 2039 2364 crc-

369 2433 461 2480 scuut
483 2433 618 2502 utraque
641 2425 734 2502 porte
758 2413 834 2480 nodi
858 2413 932 2480 hinc
955 2413 1049 2494 indu,
1072 2415 1172 2478 etsie
1194 2413 1391 2500 plantantur.

492 2531 681 2612 Sciendum,
712 2529 797 2616 quod
826 2531 858 2594 io
888 2544 975 2596 terra
1004 2531 1068 2594 ists
1092 2551 1157 2594 nun
1183 2531 1390 2594 inueniuntur
1411 2531 1483 2616 pira
1512 2529 1563 2594 uel
1585 2527 1753 2617 pomonal
1775 2551 1889 2594 cerasa
1910 2529 1963 2596 uei
1983 2535 2072 2595 nu·³

367 2670 441 2720 ces.
468 2649 550 2712 sicut
578 2648 611 2712 in
642 2646 790 2734 partibus
819 2647 1063 2726 transmarinis,
1096 2647 1158 2710 nisi
1188 2645 1284 2710 ualde
1312 2668 1395 2711 raro.
1438 2645 1504 2710 Sed
1529 2644 1570 2709 de
1591 2645 1757 2710 Damasco
1787 2646 1911 2711 fructus
1939 2645 2040 2734 aliqui

367 2763 580 2845 adducuntur,
603 2765 657 2850 qui
675 2776 783 2827 tamen
803 2763 933 2826 omniuo
955 2759 1066 2826 molles
1089 2773 1163 2826 sunt
1183 2773 1214 2826 et
1234 2761 1291 2827 diu
1310 2760 1430 2828 durare
1450 2785 1515 2827 nun
1538 2773 1674 2849 possunt
1699 2773 1833 2850 proptor
1853 2763 1987 2826 nimiam
2007 2763 2041 2826 in

368 2877 541 2944 arboribus
563 2879 782 2944 decoctionem
804 2887 836 2940 et
857 2887 943 2940 terre
965 2875 1172 2942 caliditatem.

493 2997 574 3058 Stmt
594 3007 700 3060 mmeu
723 2991 767 3057 ibi
788 2991 912 3056 fructus
933 2991 1081 3078 quidam,
1114 2992 1169 3076 qui
1197 3013 1254 3078 per
1276 3003 1376 3056 totum
1398 3014 1518 3056 annum
1547 2993 1580 3056 in
1602 2990 1776 3058 arboribus
1796 3005 2040 3072 conseruautur,

369 3127 401 3176 et
429 3125 559 3176 utuntur
590 3111 635 3174 cis
662 3107 807 3174 homines
841 3119 907 3172 toto
929 3129 1023 3172 anno.
1066 3105 1167 3172 Simul
1190 3118 1222 3172 et
1244 3106 1342 3172 semel
1362 3109 1570 3173 inueniuntur
1596 3109 1729 3194 sepeio
1750 3107 1923 3172 arboribus
1944 3107 2040 3172 liores

369 3245 399 3292 et
421 3229 546 3292 fructus
568 3225 802 3298 semimsturi‘)
831 3233 863 3286 et
881 3223 997 3288 maturi
1021 3221 1228 3311 etamplius,
1261 3237 1296 3289 ut
1324 3225 1428 3288 ceiam
1450 3221 1611 3288 interdum
1633 3221 1879 3310 quadruplicem
1901 3223 2040 3288 fructum

367 3341 510 3408 eiusdem
533 3343 662 3428 generis
684 3337 778 3404 simul
800 3351 832 3402 et
854 3338 956 3402 semel
984 3338 1028 3403 ibi
1052 3337 1235 3416 musonis).
1278 3337 1321 3402 Et
1342 3341 1396 3404 isti
1417 3339 1540 3404 fructus
1565 3349 1641 3404 sunt
1662 3361 1778 3426 poma,
1799 3363 1863 3426 que
1883 3350 2042 3406 uocantur

368 3459 586 3540 uronpu⁸³⁰)
609 3467 640 3520 et
660 3461 785 3518 temones
806 3465 836 3518 et
854 3477 943 3534 poma
964 3457 1113 3534 Ads³⁴⁰t,
1141 3453 1182 3520 de
1210 3454 1327 3542 quibus
1349 3455 1471 3520 faciunt
1491 3453 1644 3540 indigene
1671 3454 1868 3521 salsamenta
1890 3479 1948 3544 pro
1971 3455 2040 3543 pul·

368 3575 408 3640 lis
430 3589 461 3638 et
484 3571 627 3660 piscibus
650 3581 681 3634 ct
704 3567 785 3634 cibis
807 3567 888 3634 aliis.
931 3567 974 3634 Et
995 3567 1135 3636 reddunt
1155 3570 1245 3636 cibos
1265 3571 1549 3636 commendabiles.

492 3691 574 3753 n'unt
602 3687 704 3750 eciam
733 3683 778 3750 ibi
798 3707 903 3766 pomo,
934 3707 995 3774 qus
1016 3684 1168 3752 dicuntur
1189 3689 1299 3750 citrino
1312 3689 1374 3768 ⁸⁸¹,
1402 3685 1444 3751 dc
1469 3687 1587 3772 quibus
1617 3689 1651 3752 ia
1669 3689 1783 3754 Accon
1804 3689 1883 3754 liunt
1904 3687 2075 3762 electus-t

368 3807 486 3872 ricus
510 3803 596 3870 bona
618 3799 724 3868 ualde.

491 3936 571 4002 ltem
595 3945 669 4000 sunt
688 3932 733 3998 ibi
756 3933 879 3998 fruetus
901 3931 966 4014 alii,
989 3933 1042 4018 qui
1064 3931 1216 3998 dicuntur
1232 3957 1320 4014 poma
1333 3938 1478 4014 paradisi
1487 3935 1557 4016 ⁰⁴³),
1579 3933 1783 4000 admirabilis
1797 3936 1920 4000 fructus
1935 3934 2040 4001 ualde.
2058 3947 2074 3994 a

368 4053 466 4120 lstaln
488 4063 637 4118 crescunt
659 4051 690 4114 in
714 4047 843 4114 modum
867 4047 950 4112 botri
973 4049 1077 4130 unius,
1099 4047 1257 4116 habenoia
1278 4049 1380 4114 mtdta
1400 4071 1513 4136 pana.
1556 4049 1600 4116 Et
1621 4065 1670 4116 cst
1691 4049 1832 4126 botrum)
1854 4052 1925 4138 ipso
1943 4053 2041 4116 inter·

368 4169 444 4234 dum
475 4167 518 4232 ad
548 4165 679 4232 mudum
708 4177 739 4228 et
769 4163 810 4228 ad
833 4165 1042 4248 quantitatem
1066 4164 1195 4252 cophini
1206 4167 1231 4240 l)
1262 4168 1473 4252 competentis
1484 4168 1559 4249 ⁸⁴⁴),
1587 4165 1763 4254 aliquando
1792 4165 1916 4234 habeus
1936 4189 2041 4253 grana

369 4283 430 4349 LX
453 4282 504 4349 uel
526 4282 678 4369 amplius.
723 4279 766 4344 Et
794 4291 869 4344 sunt
898 4301 1001 4364 grana
1034 4281 1095 4344 ista
1124 4279 1264 4366 oblonga
1294 4281 1457 4346 interdum
1486 4281 1529 4346 sd
1548 4281 1753 4348 latitudinem
1774 4305 1832 4346 sex
1855 4281 2040 4366 digitorum,

368 4401 475 4488 spissa
498 4421 574 4464 uero
597 4397 639 4462 ad
663 4397 873 4486 quantitatum
896 4396 948 4460 oui
968 4393 1098 4480 galline,
1121 4394 1304 4486 habentque
1326 4396 1503 4462 folliculum
1525 4400 1685 4484 spissum,
1707 4399 1791 4462 sicut
1811 4411 1861 4462 est
1880 4396 2042 4464 folliculus

368 4513 533 4596 laborum,
565 4513 622 4578 sed
646 4512 763 4578 coloris
787 4511 874 4574 croci
896 4509 1025 4576 delicati
1047 4509 1152 4574 ualde.
1196 4513 1261 4576 Sed
1283 4513 1443 4579 folliculus
1463 4515 1640 4602 proicitur,
1668 4535 1818 4600 pomum,
1845 4513 1932 4602 quod
1954 4515 2041 4578 intus

371 4646 429 4710 est,
451 4629 574 4696 tollitur
597 4641 628 4694 et
651 4625 841 4708 comeditur,
863 4639 894 4691 et
917 4641 965 4690 est
986 4649 1084 4713 sapor
1106 4631 1174 4692 eiua
1197 4627 1301 4694 dtdcis
1322 4629 1426 4697 ualde.
1448 4627 1719 4718 quemadmodum
1742 4627 1965 4694 delicatissimi
1984 4627 2042 4693 bu·

367 4747 431 4832 tyri
467 4767 538 4810 cum
566 4745 640 4810 fauo
668 4741 779 4807 mellis
831 4741 897 4806 Nec
923 4739 1043 4806 habent
1071 4767 1174 4828 grona
1205 4745 1267 4808 ista
1296 4768 1404 4810 semen
1431 4747 1464 4810 in
1495 4769 1546 4825 so,
1579 4745 1636 4810 scd
1664 4747 1791 4832 penitus
1819 4744 2040 4810 comeduntur.

371 4861 511 4926 Fructus
536 4877 643 4926 sutem
666 4861 726 4924 iste
750 4859 805 4922 uix
830 4881 892 4922 uuo
915 4879 999 4922 auno
1016 4861 1140 4924 crescit.
1173 4859 1281 4925 Arbor
1296 4861 1399 4927 (uiam
1413 4860 1505 4926 breui
1520 4874 1665 4948 tempore
1682 4859 1788 4941 durat,
1809 4859 1852 4926 ad
1866 4861 2042 4946 magistu,

433 5078 461 5129 a·
480 5059 594 5114 mariue
613 5058 651 5112 St
670 5057 821 5110 miuorr'luu
840 5053 864 5108 lt.
887 5085 916 5094 -
945 5055 973 5124 b)
990 5057 1093 5112 rs'milea
1111 5075 1164 5112 om.
1185 5059 1232 5116 st.
1253 5055 1338 5112 ltabet
1354 5057 1380 5112 ΙΙ.
1401 5089 1431 5098 -
1459 5064 1486 5115 ei
1503 5060 1602 5112 κύκα
1618 5059 1660 5114 St.
1679 5089 1713 5100 -
1736 5059 1766 5127 d)
1782 5059 1885 5110 arbom
1904 5057 1945 5110 st.
1967 5087 1997 5096 ·-
2015 5059 2043 5123 c)

500 5143 552 5196 stass
570 5141 637 5196 Stis
658 5171 686 5178 --
707 5139 721 5192 f
749 5141 916 5194 seusirmuttrr
935 5143 973 5195 st.
991 5141 1161 5194 rernr'uutturi
1177 5141 1203 5196 h.
1224 5172 1255 5182 -
1273 5146 1303 5212 g)
1321 5143 1471 5196 lutherum?
1488 5143 1528 5198 st.
1547 5143 1664 5196 acuant
1683 5140 1709 5196 lt.
1723 5172 1755 5182 -
1774 5141 1803 5201 lt)
1821 5144 1869 5196 t'ait'
1885 5143 1927 5196 st
1945 5142 1999 5194 ὅσω
2016 5139 2041 5194 b.

510 5255 532 5264 -
555 5225 575 5294 i)
593 5227 677 5278 liunus
695 5227 733 5278 St.
755 5253 784 5262 -
806 5223 834 5281 k)
851 5225 935 5294 copiti
951 5225 983 5278 St
1009 5225 1123 5294 cophini
1141 5223 1167 5278 lt.

429 5405 488 5458 aaa
523 5399 663 5474 cophinis}
687 5395 830 5456 corbibus.
1227 5395 1388 5468 medicum,
1417 5399 1571 5476 persicum.
1614 5397 1660 5456 Do
1688 5395 1833 5456 vocabolo
1854 5397 1965 5454 «irrisio
1985 5395 2042 5454 isn-

427 5503 486 5556 639
531 5497 688 5572 cassanges]
723 5495 890 5554 Nsraucum
921 5507 964 5554 cst
996 5493 1103 5554 malum
1133 5514 1183 5554 au·
1225 5505 1284 5554 stra
1305 5494 1504 5554 consuluimus
1525 5495 1629 5554 letica

368 5617 446 5656 reum
503 5595 638 5654 Formam
661 5595 798 5667 amaricis
820 5615 879 5652 nou
900 5593 987 5652 habet
1004 5593 1184 5669 Ducaugitu.
1287 5599 1359 5664 utu)
1389 5595 1558 5670 electuario]
1586 5593 1738 5664 electuris,
1769 5593 1939 5670 caligmem,
1970 5594 1991 5654 i.
2016 5616 2033 5650 c

430 5701 489 5754 litu
523 5715 610 5770 poena
633 5693 703 5770 dds]
734 5693 778 5752 l's.
803 5691 879 5768 llag.
908 5691 1073 5752 Tliictmari
1102 5711 1182 5770 pers·
1224 5691 1344 5752 sorbitio
1365 5693 1472 5753 mollis.

367 5795 560 5870 mundonem
581 5791 702 5854 xxix.
727 5799 742 5852 t
765 5813 791 5870 p.
815 5793 853 5850 52
882 5801 910 5848 et
932 5809 1007 5870 quas
1030 5789 1069 5850 ibi
1091 5810 1182 5850 auno·
1286 5797 1357 5851 usa.
1376 5811 1464 5866 pomo
1483 5791 1638 5868 paradise]
1661 5791 1707 5850 Cf.
1728 5791 1822 5852 llittot
1842 5789 1929 5853 ΧΠ.
1956 5793 2020 5849 tia.

367 5889 510 5952 asinius.
1289 5897 1360 5960 ult)
1382 5889 1575 5964 competentis!
1595 5890 1666 5948 satir
1686 5891 1796 5966 magni.

428 5999 500 6055 611,
529 5989 647 6064 sitriae}
678 5989 773 6046 Citms
801 5985 915 6047 medica
944 5986 1046 6062 Linu3
1075 5985 1182 6046 malurn
1286 5993 1345 6048 uss
1380 5989 1422 6044 ud
1442 5987 1544 6062 magis!
1568 6007 1713 6048 summum
