5284 7042
1390 627 1430 690 86

541 831 557 879 l
699 807 914 872 Beniaminite
944 813 1096 884 terram⁸)
1127 805 1234 870 sortiti
1256 813 1331 870 sunt
1352 826 1372 869 a
1391 803 1531 870 Iordane
1551 827 1653 893 usque
1673 805 1717 870 ad
1738 829 1830 872 marc
1848 829 2016 893 magnum,
2045 808 2246 894 longitndine

574 923 639 990 XV
658 923 833 1002 leucarum,
853 919 1025 985 latitudine
1045 942 1122 985 uero
1145 919 1187 984 ab
1208 919 1387 985 Ierusalem
1409 943 1509 1008 usque
1530 921 1573 984 ad
1594 919 1708 985 Bethel
1729 921 1778 986 IV
1799 921 1974 988 leucarum

540 1055 555 1104 5
698 1038 820 1104 Tribus
841 1037 990 1122 Effraym
1018 1037 1134 1100 sortita
1155 1045 1347 1100 occurram
1368 1059 1389 1101 a
1408 1034 1547 1101 Iordane
1568 1036 1822 1124 flumineusque
1845 1037 2021 1120 (iaderam,
2042 1037 2245 1124 longitudine

573 1156 654 1222 XVI
675 1155 859 1236 leucarum,
889 1151 1059 1217 latitudine
1090 1174 1169 1216 uero
1190 1173 1292 1238 usque
1314 1151 1358 1217 ad
1379 1174 1529 1238 eampum
1549 1175 1721 1238 magnum,
1749 1150 1806 1217 ubi
1824 1154 1940 1240 incipit
1963 1151 2107 1236 Galilca,
2128 1153 2245 1228 xmu

571 1272 745 1338 leucarum.

539 1392 555 1442 6
699 1385 820 1450 Tribus
842 1384 1011 1448 Manassen
1038 1381 1212 1462 medietas,
1244 1403 1306 1468 que
1328 1382 1411 1444 citra
1430 1381 1620 1463 Iordanem,
1651 1384 1778 1468 aceepit
1798 1397 1916 1450 sortem
1937 1383 1980 1450 ab
2002 1387 2074 1472 ipso
2095 1383 2243 1450 iordanis

574 1503 673 1568 fluuio
694 1523 798 1588 usque
818 1522 907 1564 mare
929 1521 1098 1584 magnum,
1126 1497 1359 1583 longitudine)
1380 1497 1480 1571 xsse
1500 1496 1681 1580 leucarum,
1702 1497 1873 1564 latitudine
1880 1509 1904 1577 ο)
1925 1521 2003 1564 uero
2025 1522 2126 1584 usque
2148 1499 2242 1564 Beth·

573 1641 633 1684 san
653 1618 716 1694 V‘)
736 1616 913 1681 leucarum.

541 1755 555 1802 τ
699 1732 819 1797 Tribus
840 1731 989 1796 Ysschar
1009 1729 1183 1794 Iordanem
1213 1737 1244 1793 et
1265 1727 1452 1795 Carmelum
1472 1731 1618 1814 aceepit,
1645 1729 1844 1817 longitndine
1864 1729 1946 1796 VIII
1963 1729 2143 1810 leucarum,
2170 1728 2240 1794 lati·

573 1849 685 1914 tudine
705 1870 784 1914 uero
806 1847 846 1912 de
865 1847 1008 1911 Bethsan
1030 1867 1133 1932 nsque
1155 1843 1196 1909 ad
1218 1855 1360 1910 montem
1378 1844 1651 1932 ltabyrion⁸l⁰³⁴)
1673 1845 1703 1909 V
1723 1844 1897 1910 leucarum.

541 1981 556 2030 8
698 1963 820 2028 Tribus
840 1960 987 2026 Zabulon
1010 1959 1194 2028 Carmelum
1225 1981 1327 2047 prope
1348 1959 1443 2046 Cuyn
1464 1965 1641 2038 montcmh)
1669 1983 1771 2048 usque
1793 1960 2014 2042 Genesaretb,
2039 1958 2240 2046 longitndine

574 2080 625 2146 IX
643 2079 820 2160 leucarum,
840 2077 1009 2142 latitudine
1028 2099 1106 2142 uero
1129 2097 1149 2140 a
1171 2085 1277 2140 monte
1298 2075 1410 2141 Tabor
1430 2098 1490 2162 per
1510 2075 1688 2142 conuallem
1708 2077 1893 2143 Carmelion
1915 2077 1946 2140 V
1966 2076 2139 2142 leucarum

541 2209 556 2257 9
703 2193 824 2259 Tribus
844 2193 930 2257 Aser
956 2202 1056 2256 totam
1078 2201 1198 2256 terram
1220 2213 1240 2256 a
1262 2191 1411 2256 Carmelo
1434 2213 1536 2277 usque
1565 2191 1608 2256 ed
1629 2189 1798 2274 Sidonem,
1827 2195 1973 2280 spacium
1994 2191 2062 2256 XX
2081 2192 2242 2257 leucarum

571 2317 606 2379 in
626 2310 837 2398 longitudine,
860 2311 894 2373 in
915 2307 1085 2372 latitudine
1107 2329 1184 2372 uero
1207 2329 1227 2372 s
1247 2309 1331 2372 mari
1351 2329 1470 2392 magno
1488 2330 1590 2394 usque
1611 2307 1742 2373 Nsason
1762 2318 1794 2372 et
1812 2308 1923 2373 Kabul
1942 2309 1993 2373 IX
2013 2307 2187 2373 leucarum.

523 2441 554 2490 ιο
697 2426 817 2494 Tribus
839 2437 945 2490 sutem
960 2423 1123 2510 Neptalim
1145 2425 1272 2510 occepit
1293 2435 1403 2512 partes
1425 2422 1468 2488 ad
1489 2425 1645 2488 orientem
1668 2447 1841 2490 conuersas
1861 2447 1963 2512 nsque
1984 2424 2027 2490 ad
2038 2423 2236 2488 Damascum

572 2555 604 2611 et
625 2543 806 2624 Galileam,
833 2543 867 2605 in
889 2539 1090 2625 longitudine
1111 2539 1143 2604 X
1164 2538 1288 2620 leucas,
1315 2541 1349 2603 in
1376 2538 1547 2604 latitudine
1567 2561 1644 2604 uero
1665 2560 1685 2603 a
1706 2541 1788 2605 mari
1809 2539 1934 2606 Galilee
1956 2563 2057 2627 usque
2079 2539 2123 2604 ad
2143 2539 2237 2604 Liba·

572 2683 649 2726 num
669 2659 757 2738 VlI¹)
779 2657 897 2724 leucas.

522 2787 549 2836 11
695 2773 816 2838 Tribus
838 2773 914 2836 Dan
942 2770 1013 2836 locu
1041 2769 1197 2836 conuallis
1218 2771 1312 2834 iuxta
1333 2791 1423 2834 mare
1444 2793 1596 2856 magnum
1617 2771 1660 2836 ad
1682 2772 1759 2838 solis
1780 2794 1932 2839 occasum
1951 2773 2094 2858 accepit,
2123 2770 2165 2834 ab
2186 2791 2239 2836 au-

573 2901 640 2958 stro
662 2891 784 2971 Αῑοῐο,
819 2887 861 2952 eb
883 2885 1031 2972 aquilone
1051 2887 1145 2953 Dore
1165 2885 1379 2950 determinata
1397 2885 1466 2950 fuit.
1509 2885 1581 2952 Hec
1602 2885 1770 2973 longitudo
1791 2889 1868 2954 eius.
1909 2889 1949 2953 In
1969 2887 2142 2952 latitudine
2163 2909 2238 2952 uero

573 3007 668 3073 huius
690 3007 793 3093 partis
816 3001 967 3068 milliaria
988 3025 1053 3068 non
1074 3024 1168 3090 pono.

522 3143 552 3194 12
695 3120 879 3186 Secundum
909 3117 1089 3206 predictam
1117 3118 1217 3202 igitur
1246 3116 1497 3203 descriptionem
1516 3128 1587 3183 tota
1608 3127 1696 3184 terra
1717 3132 1847 3201 sancta,
1876 3141 1937 3206 que
1957 3129 2008 3184 est
2029 3120 2112 3184 citra
2130 3119 2240 3184 Iorda-

570 3261 655 3320 nem,
676 3258 840 3323 nunquam
861 3234 990 3298 uidetur
1012 3232 1170 3298 excedere
1193 3235 1339 3319 specium
1355 3231 1453 3310 XLk)
1476 3233 1640 3300 leucarum
1660 3236 1695 3299 in
1715 3235 1895 3317 latitudine,
1917 3258 1980 3322 que
2001 3247 2050 3300 cst
2071 3235 2242 3301 alordane

571 3375 675 3440 nsque
696 3351 848 3416 edmero
870 3371 1032 3433 mcgnnm,
1054 3349 1114 3414 boc
1136 3359 1184 3412 est
1212 3347 1254 3412 ab
1277 3349 1400 3414 oriente
1419 3350 1454 3413 in
1473 3349 1681 3418 occidentem.
1717 3351 1755 3415 ln
1768 3350 1970 3438 longitudine
1985 3373 2073 3433 uero,
2096 3375 2158 3439 que
2173 3351 2214 3416 ab
2223 3357 2241 3428 ¹)

572 3467 722 3555 aquilone
742 3469 776 3532 in
797 3475 944 3530 austrum
965 3465 1153 3551 porrigitur,
1174 3485 1239 3530 non
1261 3463 1355 3550 plene
1371 3467 1515 3530 eontinet
1528 3465 1734 3545 Lxxxxm)
1748 3467 1805 3546 635)
1822 3465 1941 3549 leucas,
1962 3477 1999 3532 ut
2012 3468 2092 3532 mihi
2106 3468 2240 3534 uidetur.

695 3583 782 3648 Eece
809 3579 911 3646 habes
937 3589 1037 3646 totam
1062 3589 1183 3646 terram
1214 3580 1391 3644 seeundum
1415 3581 1648 3668 longitudinem
1681 3594 1713 3648 et
1737 3583 1941 3648 latimdinem
1967 3594 1999 3648 et
2025 3606 2153 3648 omnem
2175 3585 2242 3650 eius

575 3701 670 3764 situm
678 3705 706 3777 11)
727 3697 865 3762 fideliter
887 3697 1112 3782 conscriptam.
1156 3695 1228 3776 Que
1249 3695 1443 3781 descriptio,
1462 3708 1499 3762 ut
1517 3698 1597 3762 mibi
1618 3699 1761 3782 uidetur,
1783 3723 1848 3764 non
1868 3723 1985 3787 perum
2006 3699 2094 3764 utilis
2115 3712 2164 3762 est
2183 3722 2241 3785 pro

571 3814 665 3880 libris
694 3811 915 3879 historialibus
943 3821 975 3876 et
999 3821 1067 3876 tola
1096 3807 1212 3892 biblia,
1242 3813 1269 3876 si
1296 3811 1512 3898 intelligatur,
1539 3824 1571 3878 et
1598 3814 1711 3893 locis0)
1739 3814 1874 3900 singulis
1895 3814 2045 3880 notandis
2066 3817 2191 3902 pariter
2213 3825 2244 3879 et

574 3931 724 3998 sciendis.

861 4111 924 4178 DE
945 4109 1195 4177 FRUCTIBUS
1218 4109 1278 4174 ET
1300 4109 1574 4176 ANIMAHBUS
1597 4111 1746 4178 TERRE
1768 4111 1953 4179 SANCTE.

539 4259 551 4308 1
695 4246 772 4311 XII.
816 4244 990 4310 Sciendum
1016 4244 1130 4328 igitur,
1162 4241 1249 4328 quod
1276 4252 1344 4308 tote
1371 4253 1460 4307 terra
1489 4253 1605 4309 sancta
1630 4245 1690 4309 fuit
1715 4246 1750 4308 in
1776 4245 1823 4308 rei
1851 4247 1988 4310 ueritate
2015 4255 2045 4309 et
2074 4255 2124 4308 est
2144 4243 2239 4308 hodie

572 4364 693 4450 optimu
714 4363 798 4427 inter
822 4381 932 4426 omnes
952 4367 1057 4424 terras
1069 4408 1077 4440 ,
1099 4358 1175 4422 licet
1197 4357 1346 4446 quidum,
1379 4361 1435 4446 qui
1456 4381 1528 4424 eam
1550 4359 1722 4446 diligenter
1746 4382 1811 4425 non
1832 4359 2140 4441 considereuerunt,
2170 4381 2242 4424 eon·

570 4479 706 4542 trarium
728 4477 845 4544 dicant.
887 4475 948 4539 Est
969 4474 1055 4538 enirn
1076 4473 1191 4538 fertilis
1213 4473 1308 4538 ualde
1330 4475 1364 4538 in
1384 4474 1557 4558 frumento,
1592 4477 1679 4561 quod
1706 4477 1775 4541 lere
1796 4475 1919 4564 absque
1940 4475 2054 4540 labore
2073 4475 2189 4540 colitur
2211 4486 2242 4538 et

572 4594 696 4658 erescit.
737 4589 867 4657 Herbus
889 4587 1006 4654 multas
1029 4589 1152 4676 profert
1171 4590 1307 4673 humus,
1342 4600 1456 4676 sponte
1477 4589 1651 4656 feniculum
1664 4591 1740 4674 ⁶³⁰),
1763 4590 1882 4673 saluia,
1908 4601 1998 4674 rute,
2022 4612 2097 4655 rose
2117 4591 2240 4677 passim

571 4709 604 4772 in
626 4731 742 4795 eampo
765 4715 921 4772 crescunt.

537 4822 553 4872 ²
695 4829 786 4886 Luna
807 4821 997 4898 ruendam)
1018 4821 1134 4885 erescit
1155 4821 1188 4886 in
1211 4821 1405 4908 quibusdam
1427 4821 1588 4904 buteotis,
1610 4845 1672 4909 que
1692 4823 1760 4888 alta
1782 4833 1856 4887 sunt
1876 4821 2018 4908 nudique
2038 4819 2082 4886 ad
2102 4825 2239 4906 genunt)

637 5007 665 5075 e)
683 5013 783 5060 tenum
802 5021 854 5060 om.
873 5001 927 5070 St,
952 4999 1000 5070 qni
1028 4999 1055 5056 h.
1074 5001 1089 5056 l.
1107 5007 1171 5072 post
1187 5003 1282 5058 vocab.
1313 5004 1469 5058 Beniamitc
1484 5003 1613 5059 lacunam
1630 5004 1749 5076 reliquit.
1772 5033 1805 5043 -
1829 5003 1858 5072 b)
1879 5008 1907 5058 12
1925 5003 2075 5058 leucarum.
2109 5003 2160 5058 Ed.
2178 5019 2238 5057 ven.

702 5121 736 5132 ..
753 5093 780 5163 c)
797 5085 995 5156 longitudinem
1013 5081 1052 5138 St.
1069 5113 1102 5122 -
1121 5084 1150 5154 d)
1171 5091 1200 5140 15
1218 5085 1234 5142 l.
1253 5086 1302 5140 Ed.
1321 5103 1382 5142 ren.
1401 5117 1434 5126 -
1452 5089 1478 5157 e)
1495 5089 1668 5142 meinaim
1686 5088 1726 5143 St.
1743 5118 1776 5127 -
1794 5088 1821 5156 f)
1840 5093 1853 5142 7
1872 5087 1891 5141 1.
1907 5087 1960 5142 Ed.
1978 5103 2038 5142 ven.
2057 5117 2091 5126 -
2107 5088 2138 5156 g)
2156 5087 2239 5140 tubir-

702 5173 756 5226 rim
774 5171 814 5226 St.
832 5201 865 5210 -
882 5168 911 5237 h)
929 5170 1035 5236 capuit
1052 5165 1091 5222 st.
1111 5165 1275 5236 Chaymoth.
1293 5169 1343 5225 Ed.
1357 5186 1416 5224 ren.
1434 5201 1468 5211 -
1485 5172 1506 5238 i)
1524 5172 1565 5226 sl.
1585 5172 1638 5228 Ed.
1656 5187 1717 5226 ven.
1735 5202 1768 5210 —
1785 5172 1816 5239 k)
1832 5171 1904 5226 XVI
1922 5171 2061 5225 leucarum
2073 5168 2114 5226 St.
2132 5169 2238 5224 XXVI.

704 5256 755 5310 lld.
773 5271 833 5310 ven.
852 5285 885 5294 -
904 5253 925 5322 l)
940 5267 990 5322 que
1007 5259 1046 5306 eet
1061 5253 1097 5306 ab
1115 5251 1183 5306 sth.
1201 5283 1234 5293 —
1252 5257 1290 5323 m)
1308 5253 1450 5308 LXXXX
1467 5253 1507 5310 St.
1527 5256 1610 5310 1201.
1629 5255 1678 5309 Ed.
1697 5271 1757 5310 ven.
1776 5285 1808 5296 —
1827 5259 1857 5326 n)
1873 5256 1956 5309 ritum
1973 5272 2025 5310 om.
2043 5252 2092 5323 St,
2107 5252 2193 5308 babet
2208 5252 2234 5313 h.

705 5367 738 5378 —
755 5343 783 5406 o)
801 5337 913 5394 uncis
933 5333 1000 5392 Sth.
1021 5367 1050 5378 -
1068 5336 1098 5406 p)
1117 5335 1203 5390 ἰαπιια
1220 5335 1260 5393 St.
1279 5355 1367 5407 peruia
1384 5337 1411 5392 h.

633 5497 705 5570 634)
725 5491 888 5569 Itobprion]
910 5492 957 5550 Ita
977 5510 1082 5568 graece
1103 5498 1189 5549 sonat
1208 5489 1318 5553 Tabor.
1346 5491 1385 5554 V.
1487 5497 1560 5568 636)
1579 5493 1754 5570 feniculum]
1785 5493 1933 5554 Anethnm
1964 5492 2151 5552 foeniculum.
2201 5492 2239 5552 V.

570 5591 665 5651 Ritter
684 5589 746 5650 XV
769 5593 822 5664 (1).
845 5594 913 5652 392.
1425 5592 1520 5652 Ritter
1539 5591 1599 5651 XV
1622 5593 1674 5666 (2).
1697 5599 1767 5654 716.

634 5693 705 5765 635)
734 5689 900 5764 DXXXX]
932 5686 1062 5766 Singulis
1097 5685 1224 5745 numeris
1249 5687 1306 5746 alio
1336 5688 1385 5747 alii
1487 5695 1559 5764 637)
1580 5694 1655 5750 lanu
1680 5693 1810 5768 suenda]
1834 5692 1902 5750 lana
1929 5691 2042 5768 lIgnea,
2067 5694 2239 5774 gossypium

572 5787 679 5850 additis
701 5787 851 5848 conficitur
872 5807 985 5846 summa
999 5785 1161 5846 diaetamm
1175 5783 1215 5860 ΙΙ,
1237 5785 1386 5846 leucarum
1425 5790 1580 5851 arboreum
1600 5791 1688 5852 Linn.

572 5886 671 5947 LXII.
712 5885 757 5947 Of.
780 5908 808 5951 v.
828 5885 957 5944 Rnumer
977 5907 1006 5966 p.
1030 5889 1066 5946 18
1089 5893 1159 5943 note
1181 5891 1209 5944 4.
