5284 7042
1013 1531 1416 1634 tactum

1198 1783 1226 1842 S.

502 2019 673 2096 Tandem
710 2017 910 2118 aliquando
938 2017 1121 2118 Magistro
1149 2021 1366 2098 'Phietmaro
1401 2037 1440 2098 et
1474 2017 1695 2096 ll'ilbrando
1733 2018 1780 2094 de
1812 2017 2047 2118 Oldeuborg,

377 2197 472 2270 quos
498 2171 614 2246 lustro
638 2185 675 2246 et
701 2168 850 2269 longius
874 2183 960 2244 ante
988 2171 1190 2268 emisimus,
1216 2171 1354 2248 addere
1375 2171 1535 2272 contigit
1561 2169 1819 2246 Burchardum
1841 2169 1888 2245 de
1916 2167 2046 2244 hlonte

378 2319 480 2416 Sion,
498 2319 694 2398 Ricoldum
714 2319 759 2396 de
776 2317 903 2394 Monte
920 2319 1062 2416 Crucis,
1083 2319 1286 2396 Odon'cum
1304 2321 1351 2398 de
1367 2323 1466 2400 Foro
1483 2321 1579 2416 lolii,
1595 2319 1753 2422 denique
1771 2317 2045 2412 ll'ilbrandum,

378 2471 521 2548 iteratis
544 2471 641 2548 curis
665 2469 818 2548 editum
867 2472 1037 2562 Quorum
1059 2469 1121 2570 qui
1146 2471 1320 2576 pn'nccps
1347 2489 1414 2570 est,
1441 2469 1697 2566 Burchardus,
1719 2469 2045 2572 peregrinatorum

379 2619 491 2696 medii
519 2623 614 2742 aeyi,
642 2621 680 2697 id
707 2621 808 2722 quod
831 2621 927 2696 inter
947 2647 1078 2696 omnes
1105 2637 1263 2716 constat,
1288 2632 1483 2712 κορυφαῖος,
1511 2621 1684 2722 quamvis
1705 2619 1955 2722 geographie,
1980 2617 2047 2720 qui

378 2797 475 2848 nunc
502 2771 551 2848 ad
577 2773 829 2849 Palaestinam
855 2771 1126 2871 explorandam
1151 2799 1190 2848 se
1219 2773 1521 2874 applicaverunt,
1556 2771 1732 2850 omuibus
1756 2771 1976 2847 notissimus
2007 2783 2046 2844 et

378 2921 490 2998 vicies
515 2923 676 3023 amplius
702 2921 823 2998 editus
850 2921 909 3016 sit,
936 2921 1015 3022 ipse
1042 2936 1178 3016 tauron,
1206 2923 1307 3022 quod
1330 2923 1393 2998 vix
1417 2922 1612 3018 credibile,
1639 2949 1793 3025 prorsus
1818 2919 1983 2996 nondum
2007 2918 2046 2992 iu

377 3074 499 3150 lucem
521 3073 678 3174 prodiit,
707 3073 812 3149 cuius
839 3071 974 3146 umbra
997 3087 1142 3148 tuntum
1166 3087 1205 3150 et
1231 3074 1358 3174 imago
1386 3073 1599 3150 defonnata
1622 3072 1746 3148 adhuc
1772 3099 1842 3148 nos
1876 3070 2046 3168 aliosque

376 3225 515 3300 lusen't
566 3221 851 3324 Staphorstiano
877 3223 1039 3318 demmn,
1063 3223 1127 3322 qui
1146 3223 1360 3326 Hamburgi
1382 3239 1605 3318 asservatur,
1630 3223 1750 3300 codici
1776 3221 1934 3298 debetur
1955 3221 2047 3296 Bur·

376 3373 537 3450 chardus
570 3373 754 3474 genuinus
786 3391 825 3448 et
856 3371 1101 3474 inconuptus.
1160 3373 1258 3450 Ecce
1290 3375 1405 3476 igitur
1433 3376 1711 3470 thesaurorum,
1744 3372 1881 3474 quibua
1910 3370 2047 3446 biblio·

376 3526 487 3602 theca
516 3525 802 3626 hamburgensis
835 3521 987 3624 publiea
1012 3525 1163 3624 gaudet,
1189 3552 1330 3602 novum
1362 3525 1569 3628 specimenl
1610 3527 1733 3626 Atque
1770 3523 1865 3598 haec
1896 3521 2047 3622 quidem

376 3703 491 3753 cama
516 3675 738 3770 accedebat,
773 3701 839 3750 cur
859 3673 1032 3773 equidem
1058 3673 1358 3779 Hamburgensis
1383 3703 1459 3754 non
1482 3677 1605 3752 solum
1630 3674 1772 3750 itineris
1797 3671 2048 3773 descriptioni,

376 3827 442 3904 sed
474 3825 587 3903 etiam
621 3825 720 3904 vitae
746 3823 950 3900 Burohardi
984 3827 1295 3928 pervestigandae
1320 3853 1406 3902 cum
1431 3855 1580 3904 smuma
1605 3825 1720 3904 animi
1745 3841 1783 3902 et
1809 3823 2047 3900 contentione

377 3997 416 4054 et
448 3975 697 4054 oblectatione
719 3975 985 4054 incumberent.
1044 3975 1235 4054 Laetahor
1262 3979 1443 4081 profecto,
1469 3979 1512 4072 si,
1540 4004 1636 4078 quae
1662 3977 1709 4052 de
1735 3994 1860 4077 gente,
1885 3973 2048 4068 nonrine,

377 4145 544 4230 tempore
583 4125 773 4228 scriptoris
817 4125 907 4202 mihi
947 4127 1077 4204 videor
1105 4129 1338 4229 explorasse,
1377 4129 1522 4205 idoneis
1554 4127 1739 4204 iudicibus
1777 4125 2047 4228 probabuntur.

376 4277 482 4354 Haec
507 4277 579 4354 hoc
605 4279 689 4354 loco
715 4277 762 4352 de
794 4277 1010 4352 Bumhardo
1044 4277 1195 4378 quidem
1230 4281 1432 4376 sufficiant3
1466 4280 1576 4382 plura
1607 4277 1848 4380 exposuimus
1878 4275 1916 4350 in
1940 4297 2048 4374 prae·

377 4429 536 4524 satione,
575 4453 688 4526 quam
725 4425 822 4500 libro
857 4427 928 4528 ipsi
959 4429 1237 4526 praemisimm,
1270 4431 1436 4534 speciali
1494 4429 1579 4506 Hoc
1612 4445 1757 4506 tantum
1790 4425 1927 4503 addere
1960 4440 1999 4500 et
2024 4449 2049 4498 a
2170 4447 2175 4458 ·

376 4578 485 4656 vobis
511 4591 634 4654 vestra
659 4603 752 4680 pace
775 4591 901 4676 petere
928 4575 1056 4654 liccat:
1082 4581 1338 4656 Barchardum
1363 4607 1489 4656 meum
1513 4597 1650 4657 utnon
1673 4577 1899 4682 comparetis
1924 4575 2048 4650 solum

376 4727 502 4824 vohis,
534 4727 600 4806 scd
624 4743 661 4804 et
685 4727 835 4828 legatis3
868 4751 944 4800 non
972 4727 1107 4828 legatis
1132 4731 1264 4824 solum,
1290 4730 1358 4807 sed
1382 4731 1468 4806 aliis
1493 4731 1608 4806 etiam
1633 4728 1834 4829 legendum
1858 4753 2048 4804 commen·

374 4879 490 4976 detis;
521 4879 661 4954 fiurctus
687 4904 763 4955 non
786 4876 952 4954 deerunt.

504 5027 849 5104 Burchardumnou
868 5041 1032 5128 aequant
1049 5027 1200 5127 quidem
1222 5029 1401 5107 Ricoldus
1425 5027 1671 5122 etOdoricus,
1696 5027 1763 5102 scd
1789 5041 1916 5104 taurea
1942 5026 2049 5130 digni

376 5195 482 5268 mmt,
513 5179 577 5278 qui
603 5178 766 5256 secundo
793 5194 880 5278 post
903 5179 1026 5278 ipsum
1060 5179 1144 5256 loco
1177 5195 1375 5280 ponantur.
1426 5181 1521 5257 Sunt
1553 5179 1653 5254 enim
1687 5178 1877 5254 itineraria
1911 5179 1979 5256 illa
2010 5193 2049 5255 et

375 5329 537 5406 utilitate
564 5343 601 5404 et
626 5329 818 5428 voluptate
845 5326 1044 5404 ubern'ma.

505 5477 650 5554 Ricoldi
676 5477 721 5554 de
744 5477 873 5554 llonte
898 5479 1029 5554 Cnscis
1053 5479 1283 5555 itinerarium
1302 5505 1426 5554 rerum
1448 5480 1689 5579 colorumque
1715 5479 1895 5556 varietate
1921 5481 2048 5556 multi·

373 5629 463 5730 plex
490 5629 554 5730 qui
579 5629 815 5730 cognoverit,
849 5629 958 5704 facile
986 5629 1185 5731 intelliget,
1215 5655 1281 5706 cur
1314 5645 1352 5706 et
1373 5629 1632 5730 Francogalli,
1653 5647 1692 5706 et
1717 5631 1802 5707 Itali
1828 5631 2048 5734 interpreta-

375 5779 497 5856 tiones
523 5779 602 5856 eius
628 5805 704 5856 non
730 5780 852 5856 solum
879 5781 1126 5876 confecerint,
1159 5778 1227 5856 sed
1257 5781 1371 5856 etiam
1400 5777 1554 5882 picturis
1586 5780 1817 5858 nitidissimis
1850 5783 2045 5858 collustra-

373 5931 465 6026 rint;
491 5955 611 6030 neque
636 5957 711 6006 non
737 5930 947 6024 mirabitur,
978 5929 1078 6030 quod
1102 5927 1245 6006 adhoc
1272 5957 1389 6030 usque
1416 5951 1563 6034 tempus
1595 5932 1760 6010 nondum
1787 5933 1901 6010 latine
1937 5933 1986 6009 sit
2009 5933 2049 6010 iu
