5284 7042
1394 690 1434 751 92

581 870 745 933 finitarum
766 868 965 932 diuiciarum.
1008 868 1168 933 Utebatur
1189 867 1316 955 pellicio
1340 870 1475 934 arietino
1496 891 1626 954 grosso,
1656 866 1756 931 rubeo
1787 882 1818 930 et
1841 866 1969 953 penitus
1992 866 2123 930 sordido
2146 877 2178 929 et
2199 868 2253 929 im·

581 984 702 1051 mundo
726 1007 798 1048 cum
821 986 957 1048 manicis
980 982 1115 1069 amplis,
1137 995 1169 1046 et
1197 984 1256 1048 sub
1284 1008 1323 1047 ea
1350 986 1458 1047 tunica
1481 983 1598 1049 eoloris
1620 984 1720 1069 grisei
1740 982 1875 1057 asterii
1897 980 1993 1047 ualde
2015 996 2046 1045 et
2067 983 2161 1067 quasi
2184 1003 2257 1045 con-

583 1112 720 1186 sumpta.
763 1100 916 1187 Desuper
943 1122 1021 1163 uero
1049 1098 1191 1165 babebat
1219 1099 1390 1186 scapulare
1422 1102 1551 1185 nigrum
1580 1112 1611 1164 et
1639 1098 1772 1187 pallium
1799 1099 1928 1181 nigrum
1958 1094 2020 1161 uile
2040 1108 2072 1161 et
2093 1118 2253 1183 asperum

583 1217 704 1301 Regem
721 1216 876 1279 Armenie
898 1226 930 1278 et
943 1214 1059 1281 Cilicie
1079 1237 1153 1279 cum
1177 1216 1325 1280 omnibus
1349 1214 1558 1301 optimatibus
1581 1218 1647 1279 sois
1671 1212 1737 1279 uidi
1761 1212 1924 1277 sedentem
1944 1212 2107 1277 humiliter
2128 1226 2159 1275 et
2184 1235 2255 1277 cum

583 1355 703 1416 magna
723 1334 912 1395 renerencia
932 1340 1007 1395 ante
1028 1330 1128 1417 pedes
1151 1332 1220 1395 eius
1243 1329 1365 1417 pluries
1385 1352 1457 1395 eum
1479 1330 1544 1395 lilio
1575 1354 1631 1395 sno
1653 1330 1869 1417 primogenito
1883 1330 1959 1410 l⁵⁷),
1990 1341 2115 1393 etcum
2138 1351 2256 1413 magna

584 1448 755 1512 deuotione
776 1446 959 1510 audientem
979 1445 1022 1510 ab
1045 1470 1082 1511 eo
1101 1445 1237 1511 uerbum
1257 1448 1332 1511 Dei.
1376 1448 1441 1511 Istc
1463 1468 1536 1511 cuin
1559 1446 1707 1511 omnibus
1728 1444 1862 1533 prelatis
1884 1446 1951 1509 suis
1972 1466 2029 1532 per
2052 1454 2153 1509 totam
2177 1466 2255 1528 qua-

585 1562 801 1647 dragesimam
824 1564 857 1625 in
878 1585 962 1647 pane
984 1573 1017 1626 et
1038 1586 1123 1650 aqua
1144 1564 1326 1644 ieiunabat,
1360 1574 1391 1629 et
1409 1586 1468 1629 rex
1490 1562 1636 1627 similiter
1659 1576 1690 1625 et
1710 1584 1822 1627 ornnes
1851 1562 2022 1646 optimates
2045 1560 2110 1639 sui,
2140 1560 2203 1623 nisi
2223 1560 2257 1622 in

585 1679 666 1743 festo
695 1678 973 1758 annunciationis,
1007 1688 1039 1741 et
1062 1690 1138 1741 tune
1167 1702 1218 1741 me
1247 1692 1396 1765 presente
1425 1678 1510 1743 idem
1540 1677 1728 1743 Catholieus
1761 1699 1869 1741 secum
1902 1676 2189 1763 dispensauit⁶⁵⁸),
2220 1686 2257 1738 ut

585 1797 692 1880 pisces
713 1793 897 1857 comederet
924 1805 955 1857 et
981 1793 1106 1857 biberet
1134 1796 1254 1859 uinum.
1295 1794 1357 1858 Illa
1384 1794 1436 1859 die
1464 1795 1595 1859 interfui
1627 1797 1724 1857 misso
1753 1815 1861 1857 coram
1892 1792 2004 1855 eodem
2027 1789 2196 1856 Catholieo
2225 1808 2255 1853 et

586 1931 662 1994 rege
693 1919 725 1971 et
750 1910 871 1993 regina.
914 1908 958 1972 Et
981 1908 1100 1972 habent
1128 1910 1268 1973 officium
1289 1909 1384 1974 ualde
1406 1910 1565 1974 deuotum.
1608 1907 1789 1973 Induuutur
1810 1920 1917 1973 autem
1938 1906 2124 1973 sacerdotes
2148 1929 2255 1971 eorum

586 2036 618 2088 et
638 2025 794 2111 episcopi,
818 2026 900 2088 sicut
922 2036 953 2089 et
973 2026 1085 2088 nostri.
1128 2026 1167 2089 Iu
1188 2027 1296 2089 missis
1319 2026 1359 2089 de
1382 2026 1495 2090 azimis
1518 2024 1733 2105 conficiuntl),
1756 2036 1787 2088 et
1807 2024 1916 2087 uerbis
1931 2022 2079 2100 iisdem⁰>
2102 2024 2256 2109 epistolas

586 2139 716 2205 easdem
739 2149 771 2203 et
792 2138 962 2225 euangelia
986 2152 1016 2202 et
1037 2140 1233 2225 prolationes
1242 2146 1284 2221 d),
1304 2142 1504 2222 ,‚sanetus“,
1526 2140 1645 2222 „Pater
1666 2141 1811 2222 noster“,
1835 2142 1969 2224 „Agnus
1991 2140 2075 2203 Dei“
2096 2152 2255 2215 cantant&

586 2259 620 2320 in
641 2257 756 2337 missa,
779 2257 863 2319 siout
885 2268 915 2318 et
938 2278 1011 2334 uos,
1045 2254 1101 2317 sed
1122 2257 1155 2318 in
1177 2278 1235 2318 suo
1255 2254 1410 2320 idiomate
1432 2268 1464 2321 et
1482 2258 1692 2343 scripturas„
1722 2256 1841 2319 habeut
1864 2257 1948 2319 enirn
1969 2255 2112 2340 linguam
2135 2258 2257 2341 specia-

586 2370 649 2434 lem
671 2382 703 2434 et
724 2370 861 2435 litteras.
905 2370 1092 2436 Catholicus
1113 2372 1184 2457 ipse
1206 2380 1238 2434 et
1259 2393 1371 2435 omnes
1395 2372 1449 2437 alii
1473 2372 1592 2459 prelati
1614 2370 1763 2435 monaehi
1786 2382 1876 2445 sunt,
1906 2394 1965 2435 nec
1987 2382 2094 2457 potest
2114 2372 2147 2434 in
2170 2372 2255 2434 omni

586 2488 708 2551 oriente
736 2490 770 2549 in
798 2509 987 2573 quacunque
1019 2488 1149 2550 natione
1178 2486 1295 2573 aliquis
1325 2510 1395 2551 esse
1423 2486 1580 2574 prolatus,
1610 2488 1673 2550 nisi
1697 2488 1738 2550 sit
1758 2487 1943 2551 monachus.
1986 2486 2030 2549 Et
2052 2497 2127 2551 sunt
2147 2510 2254 2550 omnes

586 2602 735 2667 monachi
755 2603 789 2665 iu
811 2605 954 2665 maxima
974 2603 1161 2665 reneroneia
1183 2613 1214 2665 et
1236 2602 1365 2667 honore.
1409 2602 1527 2669 Clerici
1550 2625 1627 2667 uero
1650 2614 1681 2665 et
1703 2602 1886 2667 sacerdotes
1908 2600 2025 2667 nullius
2049 2614 2123 2667 sunt
2147 2612 2252 2666 auoto-

588 2720 704 2799 ritatis‚
725 2740 785 2781 nec
807 2716 895 2803 apud
916 2715 1016 2780 laicos
1039 2716 1161 2803 aliquid
1183 2730 1383 2803 reputantur,
1407 2742 1465 2782 nec
1487 2717 1606 2782 habent
1629 2718 1768 2781 ellit-inm
1792 2718 1939 2803 aliquod,
1957 2719 2020 2781 nisi
2040 2716 2127 2804 quod
2149 2716 2259 2781 drona

589 2832 762 2897 celebrant.
806 2831 861 2895 Ad
882 2854 992 2896 omnes
1013 2832 1110 2896 horas
1134 2836 1260 2919 signnm
1283 2835 1407 2899 iaciunt
1429 2836 1462 2897 in
1482 2833 1593 2899 tabula
1618 2832 1667 2898 uel
1690 2833 1876 2918 ligneolis,
1905 2834 1980 2918 qnia
1998 2854 2175 2919 oarupanas
2196 2854 2258 2897 non

588 2949 716 3013 habent.
760 2949 862 3013 Facto
879 2950 971 3031 signo
995 2958 1088 3011 noete
1110 2948 1153 3011 ad
1173 2952 1348 3013 matutinas
1371 2950 1502 3029 uadunt,
1525 2972 1583 3036 per
1605 2951 1693 3014 uicos
1716 2948 1900 3031 clamando,
1923 2957 1959 3013 ut
1979 2950 2109 3013 ueniant
2129 2948 2172 3013 ad
2191 2971 2254 3011 ma·

589 3067 720 3129 totinas.
762 3064 842 3127 Post
869 3065 1045 3127 matutinas
1071 3086 1135 3127 nou
1169 3064 1347 3145 dormiunt,
1373 3064 1430 3129 sed
1452 3067 1485 3129 in
1507 3064 1643 3129 ecelesia
1667 3066 1813 3129 sedentes
1839 3062 1954 3127 docent
1982 3062 2135 3149 populum
2159 3085 2256 3149 usque

589 3181 632 3246 ad
660 3203 828 3261 auroram,
857 3190 889 3243 et
921 3180 1032 3242 dieunt
1058 3188 1134 3243 tune
1161 3185 1301 3268 primam
1323 3184 1473 3259 missam,
1502 3179 1553 3244 uel
1582 3182 1670 3244 eirca
1690 3180 1803 3245 horam
1825 3180 1974 3261 terciam,
2010 3180 2038 3245 si
2065 3190 2114 3242 est
2134 3180 2256 3244 testum

588 3297 714 3362 Nullius
743 3296 825 3359 alias
855 3306 928 3358 sunt
954 3297 1173 3377 aitctorrtatis,
1200 3298 1263 3360 nisi
1294 3308 1448 3383 quantum
1482 3298 1528 3359 eis
1557 3298 1745 3381 permittunt
1765 3294 2022 3372 uer-thabitam).
2067 3294 2256 3361 Sacerdotes

590 3425 665 3477 suut
686 3435 796 3477 ornnes
818 3413 965 3490 uxorati,
994 3434 1053 3474 nec
1075 3412 1270 3497 permittitur
1292 3412 1410 3499 uliquis
1433 3412 1565 3499 exsequi
1587 3412 1741 3493 officium,
1773 3414 1836 3477 nisi
1869 3410 1988 3475 habeat
2009 3434 2154 3475 uxorem.
2197 3412 2257 3475 Die

590 3526 665 3593 lune
695 3539 728 3591 et
756 3526 907 3611 deinceps
929 3548 1029 3610 usque
1053 3526 1095 3590 ad
1118 3526 1202 3591 diem
1227 3527 1362 3592 Ueneris
1384 3526 1540 3591 inclusiue
1562 3549 1725 3611 nunquam
1753 3528 1868 3591 missas
1891 3525 2069 3608 celebrant,
2093 3537 2258 3615 quantum·

590 3667 714 3730 cunque
737 3646 778 3706 sit
799 3664 951 3726 maguum
971 3644 1096 3723 t'estum,
1119 3643 1176 3708 sed
1198 3656 1315 3707 uacant
1336 3643 1563 3731 aniplexibus3
1587 3642 1722 3707 sabbato
1748 3665 1822 3707 nero
1847 3654 1878 3705 et
1899 3643 1963 3707 Die
1983 3642 2158 3707 Dominioa
2180 3644 2257 3707 mul-

590 3774 657 3823 tum
685 3758 795 3821 dieunt
821 3755 1028 3842 solempniter
1054 3762 1179 3823 missas.
1221 3759 1352 3823 Mortua
1381 3784 1480 3824 uxore
1509 3760 1662 3823 sacerdos
1691 3758 1887 3837 continebit,
1917 3782 1974 3821 noo
2003 3758 2100 3822 aliam
2129 3758 2257 3835 ducetss)

590 3896 734 3937 uxorem.
776 3874 812 3935 Si
830 3874 1006 3936 fornicatus
1027 3876 1124 3938 tirerit
1145 3875 1197 3939 uel
1219 3876 1434 3957 adulteratus,
1468 3876 1608 3940 osticium
1638 3888 1667 3937 et
1690 3874 1859 3939 ecelesiam
1887 3876 2017 3959 perdet,
2044 3896 2104 3937 nec
2126 3898 2199 3939 oum
2220 3898 2256 3939 eo

657 4058 684 4123 a)
702 4053 802 4105 uetera
822 4051 860 4105 st.
878 4053 964 4105 ueteri
981 4050 1006 4105 h.
1027 4083 1054 4090 -
1081 4053 1111 4114 b)
1129 4056 1298 4123 conficientes
1316 4058 1356 4111 s't.
1375 4056 1520 4125 conficiant
1536 4054 1559 4109 h,
1579 4086 1609 4095 -
1638 4060 1664 4117 e)
1686 4056 1781 4108 iisrlsm
1799 4072 1842 4108 em
1870 4054 1926 4117 st„
1944 4052 2028 4107 habet
2045 4052 2070 4109 h.
2090 4085 2122 4093 -
2149 4054 2177 4120 d)
2193 4071 2255 4125 pre·

719 4137 866 4205 plautioncs
883 4138 922 4190 st.
942 4166 974 4174 —·
991 4151 1016 4207 e)
1034 4145 1126 4190 canna
1144 4136 1183 4191 St.
1204 4147 1315 4192 cuntant
1333 4139 1357 4193 h.
1376 4170 1408 4179 -
1427 4138 1453 4205 f)
1472 4142 1638 4209 scriptarum
1658 4140 1697 4193 St.
1716 4140 1857 4209 scriptura
1878 4136 1903 4192 h.
1923 4168 1955 4177 -
1975 4144 2004 4207 gt
2023 4140 2099 4191 discit
2118 4138 2158 4193 St.

591 4291 661 4350 bant
694 4310 781 4347 unam
814 4290 917 4347 libram
946 4290 1050 4347 Turris
1079 4290 1277 4351 Londiuensis
1312 4295 1404 4371 legiti·
1448 4295 1565 4352 saeculo
1595 4294 1681 4353 Xlll.
1719 4316 1794 4353 uuus
1824 4292 1934 4352 solidus
1963 4292 2039 4353 steri.
2062 4292 2180 4351 valebat
2208 4312 2258 4371 pro

590 4409 667 4448 mam
702 4388 823 4461 (Tower
852 4388 956 4447 l'ound
978 4388 1145 4461 Standard).
1190 4390 1279 4449 Libra
1301 4392 1404 4451 Turris
1446 4393 1556 4467 grossis
1584 4393 1729 4467 argenteis
1758 4394 1911 4451 borussicis
1942 4392 2053 4451 circiter
2080 4396 2126 4453 29.
2178 4390 2260 4464 Quae

590 4487 756 4547 continebat
781 4486 856 4565 titt,
881 4487 983 4545 uncias
1004 4487 1162 4547 hodiernae
1181 4488 1271 4548 librae
1292 4501 1402 4550 trecen·
1449 4492 1479 4548 in
1501 4492 1692 4566 germanicis,
1721 4512 1796 4570 (luae
1819 4492 2039 4571 (inscripsimus,
2073 4490 2261 4560 documentis,

589 4588 628 4645 sis
641 4586 736 4662 (Troy
751 4584 878 4655 Pound),
898 4587 938 4642 ita
957 4598 996 4657 ut,
1016 4590 1103 4646 uncia
1121 4608 1236 4666 quaque-
1258 4601 1402 4669 aequante
1444 4586 1587 4646 indicatur
1609 4594 1794 4668 computatio,
1816 4610 1873 4671 qua
1889 4612 1986 4649 nterea
2001 4600 2140 4667 argentea
2155 4598 2260 4669 aequat

591 4690 648 4745 480
677 4704 783 4760 grana,
811 4682 927 4761 pondus
953 4684 1136 4744 denariorum
1163 4686 1324 4763 legitimum
1353 4710 1399 4749 ae·
1446 4691 1480 4745 13
1500 4686 1609 4746 solidos
1632 4698 1661 4747 st
1678 4695 1693 4748 -t
1710 4688 1775 4747 den.
1798 4690 1882 4757 steri,
1905 4688 2033 4747 declarat
2053 4708 2101 4759 eu,
2121 4708 2196 4769 quae
2218 4707 2260 4745 se·

589 4794 691 4864 quaret
712 4781 788 4860 22¹3,
808 4803 902 4859 grana
921 4784 1059 4861 ponderis
1081 4787 1234 4855 trecensis,
1257 4789 1318 4846 sive
1337 4794 1401 4862 l,46
1443 4800 1583 4864 quantur:
1610 4786 1683 4867 ¹3¹lo
1710 4790 1760 4845 sol.
1783 4812 1804 4849 s.
1834 4794 1886 4847 toti
1904 4786 1969 4847 (len.
1993 4788 2069 4847 sterl.
2091 4796 2219 4866 aequant
2244 4792 2256 4845 l

589 4893 751 4959 grammata
771 4884 883 4958 argenti
905 4884 977 4961 puri.
1015 4885 1113 4956 Quirrm
1132 4886 1219 4960 igitur
1232 4891 1289 4947 500
1307 4908 1402 4963 gram·
1444 4904 1571 4943 maroam
1593 4888 1789 4945 coloniensem
1812 4908 1835 4945 s.
1852 4889 1938 4951 2333
1956 4898 2127 4963 grammata.
2157 4888 2260 4967 Itaque

589 4993 668 5040 mata
693 4982 804 5058 argenti
828 4982 890 5059 puri
917 4992 1043 5060 aequent
1071 4987 1109 5043 30
1131 4984 1258 5043 thaleros
1278 4984 1403 5043 borussi·
1445 4982 1579 5041 denarius
1602 5005 1676 5043 unire
1700 4996 1742 5045 est
1768 4991 1832 5051 le'
1848 5006 1988 5060 gramma,
2010 5006 2095 5064 ‹qinim
2118 5004 2259 5043 sttmnram

591 5102 640 5138 cos
662 5083 723 5138 sire
744 5084 802 5139 900
825 5100 942 5155 grossos
965 5090 1133 5156 argenteos,
1156 5085 1293 5161 sequitur,
1314 5083 1402 5141 dena·
1445 5083 1502 5139 iam
1525 5104 1614 5161 supra
1634 5084 1671 5142 ad
1694 5084 1821 5142 calculos
1844 5086 2021 5142 vocavimus.

590 5180 623 5236 rii
653 5180 696 5237 illi
724 5180 747 5235 si
769 5198 872 5255 purum
893 5188 1047 5254 argentum
1067 5180 1195 5256 legitime
1215 5184 1312 5240 excusi
1336 5204 1402 5241 oon-

589 5279 756 5347 tinuissent‚
777 5296 866 5333 unum
889 5276 1040 5336 denarium
1064 5280 1268 5356 sterlingorum
1289 5302 1311 5340 s.
1339 5287 1401 5353 tao

590 5396 723 5453 gramma
744 5378 854 5451 argenti
878 5376 941 5453 puri
964 5397 1106 5456 aequasse
1129 5382 1195 5447 263
1218 5399 1336 5455 grossos
1359 5401 1402 5438 ar·
1735 5446 1739 5457 ¹
1911 5448 1916 5455 ¹
2022 5446 2027 5456 ,

590 5484 719 5552 genteos.
771 5471 902 5545 Quorum
938 5474 1120 5534 denariorum
1153 5476 1279 5535 duodeni
1315 5498 1404 5557 quum
1507 5450 1577 5519 ⁶57)
1603 5466 1664 5503 cum
1688 5446 1756 5523 stim
1783 5466 1834 5503 ⁸²⁴⁰
1862 5444 2065 5522 prlm‘lyflmwl
2099 5442 2133 5503 ν’
2164 5442 2259 5501 Rehm

592 5594 679 5633 unum
697 5570 822 5629 solidum
838 5572 974 5645 efficiant,
992 5574 1116 5632 solidum
1134 5595 1277 5655 quemque
1292 5578 1404 5635 sterlin·
1448 5540 1467 5599 ¹·
1490 5564 1513 5601 ⁰·
1535 5542 1588 5603 IV·
1612 5548 1628 5604 3
1651 5564 1680 5621 P·
1704 5548 1772 5604 203·

590 5692 692 5750 goram
719 5669 889 5729 lthalorum
916 5671 967 5750 ¹¹lr
991 5694 1034 5749 gr.
1052 5694 1111 5750 arg.
1134 5673 1245 5734 boruss.
1261 5695 1405 5753 aequasse
1510 5663 1580 5730 658)Ι
1609 5680 1702 5716 secum
1730 5660 1921 5735 dispensavit]
1958 5657 2011 5719 sibi
2045 5659 2108 5736 ipss
2136 5656 2259 5734 gratim

590 5780 712 5831 constat.
756 5766 868 5841 Quodsi
898 5782 1050 5847 argentum
1079 5793 1182 5851 purum
1210 5775 1234 5832 si
1255 5794 1405 5852 compare·
1447 5755 1523 5816 fecli-

590 5881 638 5928 tur
660 5876 782 5945 argento
804 5888 920 5940 excuso,
941 5870 1065 5930 eandem
1086 5882 1118 5930 nt
1139 5892 1215 5930 nurse
1237 5874 1270 5930 fit
1290 5874 1320 5930 in
1344 5876 1403 5932 An·
1509 5877 1579 5943 659)
1609 5874 1779 5949 nertliubitc]
1817 5870 1994 5941 Wartabed‚
2030 5870 2187 5951 wardaped
2215 5876 2260 5929 est

589 5968 659 6045 glia,
680 5968 822 6025 rationem
846 5967 952 6026 babere
974 5978 1093 6043 statuas,
1114 5990 1201 6048 quam
1227 5976 1239 6030 1
1264 5970 1302 6028 ad
1321 5967 1404 6049 ΨΜ,
1447 5970 1556 6031 doctor.

1510 5210 1589 5281 Ergo
1623 5214 1639 5267 5
1670 5208 1758 5265 solidi
1789 5209 1995 5282 sterlingorum
2025 5208 2142 5263 saeculo
2174 5206 2262 5263 XIII

1444 5308 1581 5364 valebant
1600 5328 1658 5383 pro
1681 5314 1696 5367 t
1722 5307 1844 5365 titularis
1866 5316 1892 5363 et
1916 5311 1953 5367 25
1975 5308 2088 5381 pressis
2111 5304 2194 5379 ar9.“
