5284 7042
1404 707 1444 769 60

589 899 757 978 peccatum
778 887 860 954 adeo
881 888 1085 974 persequitur
1109 885 1341 966 Sodomorum,
1367 885 1456 973 quod
1482 887 1583 950 eciam
1611 897 1698 950 terra
1725 888 1800 973 ipsa
1826 908 1929 973 penas
1957 883 2053 951 soluit
2075 905 2134 970 per
2154 881 2256 949 millio

587 1017 634 1072 tot
656 1004 829 1070 annorum!

710 1120 742 1186 A
767 1119 893 1184 dextris
920 1121 1052 1204 insuper
1080 1127 1112 1182 et
1137 1139 1157 1182 a
1185 1117 1325 1182 sinistris
1347 1127 1471 1182 montes
1493 1116 1620 1183 steriles
1642 1129 1716 1182 sunt
1736 1129 1770 1184 et
1790 1115 1875 1182 aridi
1895 1116 1947 1182 uel
1968 1117 2109 1182 barbare
2131 1114 2255 1182 habita·

589 1237 684 1304 tionis
706 1258 765 1323 per
788 1233 894 1301 stadia
914 1233 1011 1320 longa
1034 1243 1193 1298 terrarum
1206 1233 1280 1314 ⁴⁰⁵),
1308 1231 1364 1297 ubi
1385 1253 1489 1319 uapor
1508 1232 1595 1298 idem
1615 1235 1799 1320 pertingere
1821 1243 1928 1320 potest
1947 1247 2045 1299 uento
2065 1231 2256 1320 impellente

712 1353 835 1418 Dicunt
856 1349 987 1437 quidam
1005 1348 1176 1416 Iordanem
1198 1370 1300 1436 aquas
1321 1371 1397 1414 suas
1417 1350 1480 1414 isto
1501 1349 1585 1414 mari
1603 1371 1670 1414 non
1691 1349 1871 1432 miscere·),
1891 1349 1950 1414 sed
1969 1350 2160 1436 priusquam
2179 1345 2256 1413 illuc

589 1472 708 1552 ueniat,
729 1491 749 1533 a
770 1479 857 1532 terra
878 1463 1066 1546 absorberi,
1088 1464 1146 1530 sed
1167 1462 1340 1530 Sarraceni
1362 1486 1421 1550 pro
1444 1475 1532 1530 certo
1553 1463 1706 1530 dixerunt
1724 1464 1813 1549 mihi,
1833 1463 1919 1553 quod
1939 1465 2039 1530 intrat
2058 1475 2090 1530 et
2110 1463 2255 1545 exirm),

590 1583 649 1652 sed
670 1593 745 1672 post
766 1580 926 1648 modicum
949 1583 1096 1666 spacium
1118 1579 1159 1646 ab
1180 1581 1270 1646 exitu
1292 1603 1350 1647 suo
1375 1602 1395 1644 a
1416 1589 1505 1644 terra
1526 1579 1727 1646 absorbetur.

712 1698 884 1764 Excrescit
911 1707 1018 1762 autem
1049 1719 1139 1760 mare
1167 1695 1246 1760 illud
1272 1693 1434 1759 interdum
1465 1694 1506 1760 de
1533 1694 1729 1762 resolutione
1756 1696 1877 1761 niuium
1907 1695 1948 1762 de
1968 1695 2096 1763 Libano
2124 1706 2157 1760 et
2184 1693 2255 1760 aliis

589 1815 768 1896 montanis,
798 1811 838 1878 de
866 1813 1074 1878 inundatione
1096 1811 1247 1877 Iordanis
1273 1819 1305 1874 et
1332 1811 1484 1876 torrentis
1505 1811 1606 1877 Iaboc
1626 1822 1659 1876 et
1679 1811 1826 1877 Hermon
1847 1821 1880 1877 et
1900 1810 2109 1890 zareduwu
2133 1824 2165 1877 et
2185 1809 2257 1888 de‘)

591 1931 711 2020 pluuiis
733 1927 924 1995 cadentibus
945 1929 979 1992 in
1002 1926 1144 2010 Galilea,
1174 1937 1281 1992 monte
1303 1925 1447 2009 Galaad,
1474 1936 1563 1992 terra
1582 1927 1680 1994 Moab
1699 1938 1732 1992 et
1748 1926 1885 1992 Ammon
1906 1939 1939 1992 et
1960 1927 2058 2014 Seyr,
2080 1927 2121 1992 de
2142 1928 2259 2016 quibus

596 2046 745 2113 omnibus
767 2066 850 2132 aque
874 2043 1073 2108 descendunt
1092 2065 1152 2130 per
1172 2041 1345 2108 Iordanem
1367 2041 1410 2106 ad
1431 2063 1520 2106 mare
1540 2041 1634 2108 istud
1675 2042 1841 2108 Inuenitur
1870 2045 1973 2109 eciam
1998 2044 2034 2109 iu
2054 2066 2092 2110 eo
2115 2043 2258 2109 bitumen

593 2162 759 2228 collectum
787 2159 828 2226 de
857 2158 957 2224 hundo
983 2160 1102 2246 ipsius,
1128 2157 1214 2246 quod
1244 2167 1340 2223 uento
1363 2157 1506 2243 agitante
1528 2157 1662 2223 adheret
1684 2157 1745 2224 sibi
1766 2168 1877 2226 mutuo
1899 2172 1932 2225 et
1953 2159 2125 2248 appulsum
2144 2157 2259 2224 littori·

591 2278 652 2344 bus
673 2275 795 2344 tollitur
819 2276 853 2340 in
876 2296 995 2360 magna
1016 2274 1213 2361 quantitate,
1241 2283 1272 2338 et
1292 2285 1342 2338 est
1362 2271 1554 2338 medicinale
1575 2285 1607 2338 et
1627 2275 1728 2357 forte,
1759 2285 1791 2340 et
1810 2298 1874 2341 non
1896 2274 2031 2341 soluitur
2052 2275 2116 2341 nisi
2124 2273 2150 2352 ⁶)
2170 2295 2260 2339 men·

591 2405 679 2460 anuo
700 2391 866 2478 sanguiue,
888 2401 919 2454 et
940 2388 1122 2476 appellatur
1142 2387 1266 2476 glutum
1288 2387 1459 2453 iudaicum.
1501 2387 1596 2453 Unde
1618 2401 1650 2454 et
1667 2389 1757 2456 lacus
1778 2390 1887 2474 Iudee,
1907 2390 2030 2468 lacum)
2047 2388 2178 2478 aspalti,
2197 2391 2217 2454 i.
2234 2411 2261 2454 a

590 2508 756 2575 bituminis
787 2505 978 2593 appellatur.
1022 2505 1151 2570 Dicitur
1178 2505 1262 2568 enirn
1283 2501 1422 2568 Genesis
1443 2503 1524 2568 XIV
1533 2505 1590 2581 ⁴⁰⁸)
1596 2553 1606 2586 ,
1634 2503 1741 2591 quia‘)
1768 2505 1863 2572 uallis
1889 2505 2061 2590 siluestris,
2093 2529 2155 2593 que
2175 2527 2261 2570 nunc

592 2635 641 2692 est
666 2647 757 2690 mare
787 2621 879 2705 salis,
907 2621 1050 2686 habebat
1080 2629 1195 2706 puteos
1220 2617 1338 2684 multos
1365 2617 1540 2683 bituminis.
1580 2619 1624 2684 Et
1650 2619 1746 2686 hodie
1769 2632 1843 2687 sunt
1863 2619 1971 2710 plures
2000 2624 2034 2687 iu
2054 2622 2162 2689 littore
2183 2623 2260 2686 eius.

592 2741 637 2806 m
662 2753 711 2806 est
735 2759 864 2826 semper
886 2739 1022 2824 piramis
1053 2746 1162 2800 erecta
1190 2735 1281 2800 iuxta
1309 2733 1484 2821 quemlibet
1504 2745 1652 2822 puteum,
1684 2759 1765 2824 quas
1791 2737 1892 2804 oculis
1913 2739 1994 2803 meis
2016 2737 2094 2804 uidi.
2135 2736 2180 2803 m
2201 2735 2260 2802 hac

593 2856 634 2922 de
655 2858 717 2922 isto
740 2855 823 2920 mari
843 2853 932 2918 dicta
954 2851 1124 2918 sufficiant.

541 2996 573 3048 47
716 2971 768 3035 De
789 2967 928 3056 Galgale
949 2967 1031 3052 loco,
1052 2967 1092 3032 de
1114 2989 1177 3054 quo
1199 2965 1321 3030 dictum
1343 2977 1392 3029 cst
1413 2988 1514 3052 supra
1524 2967 1594 3046 ⁴⁰⁹),
1616 2967 1720 3034 tribus
1740 2968 1857 3050 leucis,
1880 2969 1920 3034 de
1942 2969 2030 3033 fonte
2048 2967 2173 3035 Helisei
2192 2978 2262 3033 tan-

591 3087 733 3169 tundem,
754 3095 866 3151 contra
887 3083 1081 3173 aquilonem,
1101 3085 1135 3148 in
1157 3081 1337 3163 montanis,
1363 3103 1384 3144 a
1406 3078 1507 3147 latere
1528 3081 1704 3170 aquilonali
1725 3083 1931 3164 Quarentene
1952 3095 2001 3149 est
2022 3087 2164 3168 noym)
2186 3084 2262 3150 ciui·

593 3215 653 3287 tas,
674 3224 769 3290 quam
792 3201 993 3288 expugnavit
1013 3199 1118 3282 Iosuc,
1137 3221 1214 3284 rege
1235 3198 1304 3262 eius
1326 3197 1506 3280 intertecto,
1528 3208 1563 3262 ut
1584 3196 1704 3264 dicitur
1724 3199 1818 3265 Iosue
1840 3199 1962 3278 Vlllss).

542 3343 576 3396 ⁴⁸
719 3317 771 3382 De
794 3317 871 3402 Hay
894 3315 1053 3380 adunam
1074 3313 1198 3380 leucam
1220 3313 1287 3378 l'ere
1308 3325 1423 3377 contra
1443 3312 1647 3400 aquilonem,
1675 3315 1908 3403 aliquantidum
1934 3315 2126 3382 declinando
2147 3314 2191 3380 ad
2211 3337 2263 3380 oo-

595 3433 754 3499 cidentem
780 3446 829 3498 est
850 3437 955 3494 Bethel
966 3433 1030 3509 ⁴¹¹)
1051 3429 1183 3511 ciuitas,
1212 3449 1274 3513 que
1302 3427 1463 3514 quondam
1489 3435 1573 3492 Lazo
1602 3429 1786 3514 dicebatur,
1815 3433 1850 3498 in
1877 3429 1965 3497 tribu
1991 3433 2178 3515 Beniamin,
2207 3431 2263 3496 nbi

594 3547 693 3616 Iacob
725 3545 850 3613 uadens
878 3557 990 3612 contra
1019 3545 1191 3625 orientem,
1223 3544 1353 3632 quando
1382 3545 1465 3630 tingit
1492 3567 1513 3610 a
1533 3546 1616 3610 t'acie
1635 3545 1742 3630 Esau,
1773 3548 1883 3613 fratris
1906 3549 1970 3631 sui,
1999 3547 2143 3636 lapidem
2164 3548 2263 3634 capiti

600 3685 786 3751 supponens
813 3661 1025 3743 obdormiuit,
1055 3672 1087 3725 et
1115 3660 1198 3724 uidit
1229 3660 1349 3726 scalam
1380 3671 1519 3726 stantem
1544 3685 1642 3749 super
1671 3672 1790 3728 terram
1811 3673 1844 3729 et
1863 3687 2017 3729 cacumen
2037 3665 2107 3729 eius
2127 3674 2264 3750 tangens

598 3779 683 3846 celos
704 3789 736 3844 et
757 3789 874 3860 cetera,
898 3801 959 3866 que
985 3777 1135 3842 dicuntur
1154 3776 1211 3859 ibi,
1235 3787 1266 3840 et
1287 3778 1392 3842 crexit
1413 3775 1555 3864 lapidem
1576 3779 1609 3842 in
1631 3777 1768 3860 titulum,
1790 3790 1822 3844 et
1841 3779 2019 3867 appellauit
2039 3804 2155 3846 nomen
2172 3781 2266 3845 istim

596 3900 710 3958 Bethel.
746 3894 868 3960 Errant
889 3911 1011 3976 autem,
1033 3897 1086 3980 qui
1108 3892 1169 3958 hoc
1190 3892 1301 3956 dicunt
1321 3892 1519 3958 Ierosolimia
1539 3893 1661 3958 lactum
1683 3917 1763 3977 esso,
1786 3897 1861 3981 quia
1882 3894 1937 3960 illo
1958 3905 2103 3982 tempore
2123 3898 2157 3962 iu
2178 3896 2265 3962 Ieru-

597 4010 697 4076 salem
719 4014 869 4096 regnauit
889 4008 1140 4074 Melchisedech.
1181 4007 1226 4074 Et
1249 4021 1319 4074 erat
1341 4009 1458 4074 ciuitas
1479 4007 1639 4094 gloriosa,
1660 4033 1721 4075 nec
1742 4013 1802 4074 tuit
1821 4033 1969 4094 necesse,
1991 4011 2077 4097 quod
2100 4012 2197 4078 lacob
2218 4011 2266 4076 ibi

598 4129 630 4192 in
651 4149 766 4214 campo
788 4126 954 4208 dormiret,
977 4125 1117 4189 maxime
1138 4127 1172 4189 in
1194 4136 1301 4191 monte
1318 4124 1435 4207 Moris,
1458 4127 1513 4208 qui
1533 4139 1611 4188 tunc
1630 4125 1691 4190 suit
1711 4139 1743 4190 et
1764 4138 1813 4192 est
1833 4126 1929 4194 hodie
1947 4128 2071 4206 innah)
2092 4129 2265 4193 ciuitatem.

599 4244 751 4310 Preterea
772 4242 867 4308 huius
889 4241 966 4306 lacti
987 4241 1110 4307 indicia
1131 4241 1227 4306 hodie
1247 4243 1281 4306 in
1303 4241 1366 4307 isto
1387 4239 1501 4306 Bethel
1523 4240 1797 4308 demonstrantur:
1827 4255 1859 4308 et
1884 4242 1969 4330 lapis
1991 4253 2117 4308 erectus
2138 4244 2172 4308 in
2193 4245 2266 4307 titu-

600 4360 681 4442 lum,
712 4371 743 4424 et
773 4357 953 4446 sepulcrum
973 4356 1143 4440 Debbore,
1175 4359 1310 4422 nutricis
1332 4355 1494 4439 Rebecca,
1522 4355 1634 4422 subtus
1661 4361 1695 4422 in
1720 4358 1813 4424 ualle.
1856 4359 1980 4424 Dicunt
2006 4372 2113 4424 tamen
2134 4357 2266 4446 quidam

597 4475 776 4542 Ierusalem
797 4473 911 4540 Bethel
932 4475 1069 4556 dictam,
1092 4473 1239 4538 uersibus
1260 4473 1324 4538 illis
1346 4476 1433 4538 fatue
1454 4473 1652 4538 inherentes:

973 4589 1113 4670 Solima,
1135 4587 1245 4666 Luna,
1267 4587 1396 4670 Bethel,
1417 4588 1609 4673 Ierusalem,
1630 4587 1742 4672 lebus,
1763 4589 1870 4672 Helia,

972 4704 1049 4770 urbs
1072 4727 1166 4769 sacra
1187 4704 1362 4769 Ierusalem
1382 4704 1499 4770 dicitur
1521 4715 1618 4792 atque
1640 4704 1757 4770 Salem.

599 4823 630 4888 A
651 4822 766 4911 quibus
789 4821 925 4888 libenter
947 4820 1115 4902 discerem,
1136 4822 1170 4885 in
1192 4841 1253 4908 quo
1273 4819 1345 4886 loco
1360 4819 1489 4885 Ueteris
1511 4820 1563 4886 uel
1578 4821 1663 4887 Noui
1679 4822 1880 4888 Testamenti
1893 4823 2111 4887 testimonium
2126 4821 2267 4887 habeant

598 4939 774 5004 Ierusalem
795 4939 920 5004 Lunam
942 4934 993 5001 uel
1013 4935 1126 5001 Bethel
1148 4935 1283 5018 dictam,
1315 4938 1379 5002 nisi
1399 4937 1482 5001 forte
1503 4935 1657 5023 templum
1679 4939 1779 5004 uelint
1798 4943 1917 5016 Bethel,
1943 4939 1978 5004 id
2004 4950 2054 5004 est
2074 4944 2189 5002 domam
2209 4941 2270 5000 Dei

668 5121 695 5190 a)
713 5121 806 5175 meteri
821 5119 860 5175 St.
881 5117 990 5172 murari
1006 5115 1032 5171 h.
1052 5147 1085 5156 —
1103 5116 1131 5187 b)
1148 5117 1240 5172 aarebt
1256 5116 1298 5174 st.
1317 5147 1346 5156 -
1373 5121 1398 5189 c)
1419 5125 1444 5171 et
1457 5117 1573 5188 placite,
1590 5119 1689 5175 omisso
1707 5135 1767 5177 voc.
1785 5121 1819 5174 de
1836 5117 1875 5174 St
1895 5151 1925 5160 -
1942 5119 1971 5190 d)
1988 5119 2036 5172 abi
2052 5124 2163 5173 menete.
2182 5117 2267 5175 St-

734 5207 758 5274 e)
776 5205 853 5259 bana
868 5203 939 5256 telem
955 5199 980 5255 b.
1000 5231 1030 5242 -
1052 5199 1078 5270 f)
1096 5201 1146 5270 qui
1162 5201 1203 5256 St.
1222 5202 1297 5270 quod
1312 5199 1338 5256 b.
1358 5231 1386 5242 -
1408 5201 1438 5271 g)
1455 5201 1536 5256 Ionae
1553 5203 1610 5256 eine
1633 5203 1675 5257 VI
1687 5202 1727 5258 St
1748 5235 1780 5242 -
1798 5203 1828 5274 h)
1845 5203 1922 5256 iacta
1940 5202 1980 5257 st.
1997 5203 2073 5256 intra
2089 5201 2115 5255 h.

663 5396 734 5466 405)
752 5413 810 5468 per
833 5392 933 5450 stadia
960 5392 1047 5467 lorsqu
1070 5387 1229 5463 terraram]
1263 5387 1351 5465 longe
1373 5389 1413 5447 la·
1517 5394 1589 5463 408)
1612 5390 1737 5453 Generis
1757 5393 1851 5468 XIV]
1874 5413 1901 5452 v.
1927 5397 1970 5453 lt).

601 5501 696 5571 teque.
1515 5495 1586 5564 409)
1608 5493 1644 5549 de
1665 5509 1722 5568 qao
1742 5491 1850 5551 dictam
1871 5501 1914 5550 eet
1935 5490 2039 5567 capra]
2061 5508 2085 5548 s.
2106 5493 2154 5549 34.

1517 5593 1588 5662 410)
1609 5589 1691 5666 Hapl
1718 5589 1770 5662 ai,
1794 5611 1853 5650 rec.
1877 5589 1946 5650 'Pell
1970 5587 2163 5649 er-Hasehn
2178 5605 2271 5666 prope

1455 5687 1563 5749 Beittn.
1598 5687 1635 5749 V.
1656 5708 1715 5750 van
1733 5689 1771 5750 de
1794 5687 1888 5750 Valde
1909 5709 1994 5748 mem
2015 5709 2043 5767 p.
2060 5689 2130 5765 282,
2149 5707 2177 5746 v.
2191 5684 2271 5744 Reu-

1456 5807 1518 5846 mer
1537 5809 1565 5866 p.
1591 5791 1655 5850 152.

666 5891 736 5964 tot)
757 5888 868 5964 Zered]
901 5887 947 5949 Cf.
969 5888 1056 5950 Num.
1076 5885 1172 5957 XXI,
1202 5888 1237 5946 12
1263 5887 1416 5956 (venerum
1520 5893 1591 5962 ru)
1612 5888 1725 5963 Bethel]
1755 5907 1832 5947 nunc
1858 5886 1965 5946 Beittn.
2008 5881 2057 5945 cf.
2085 5905 2113 5944 r.
2141 5883 2272 5943 Raumer

605 5989 641 6048 ad
663 5997 820 6049 torrentem
841 5986 947 6062 Zered)
967 5995 996 6047 et
1016 5985 1105 6047 Dent.
1126 5985 1167 6046 ll.
1195 5987 1239 6046 1³.
1265 5989 1309 6047 14.
1457 6007 1487 6065 p.
1512 5991 1567 6048 160
1589 6007 1630 6066 sq.

665 5645 735 5714 406)
758 5649 785 5698 et
806 5639 875 5716 erit]
898 5639 955 5698 Vix
977 5649 1029 5716 est,
1052 5637 1129 5718 quod
1145 5637 1249 5709 dicam,
1271 5636 1413 5696 Bmehar·

602 5741 671 5802 dum
693 5759 798 5801 errare.
