5284 7042
1203 707 1259 768 127

398 886 616 955 Intelleximus
634 896 756 965 autem,
792 886 880 973 quod
902 887 1006 953 incole
1036 886 1179 951 ciuitatis
1205 894 1380 972 expectant
1401 882 1560 971 quendam
1583 882 1683 949 tilium
1702 884 1819 967 Ahsli,
1846 886 1901 973 qui
1921 896 2066 951 mortuus

397 1016 447 1069 est
467 1024 525 1090 per
545 1015 714 1069 sexcentos
732 1022 846 1085 annos,
867 1014 898 1068 et
923 1004 1065 1068 nutriunt
1084 1002 1114 1067 ei
1135 1023 1262 1087 semper
1282 1022 1378 1065 ruam
1400 1000 1569 1087 pulchram
1590 998 1720 1081 mulam,
1742 1014 1777 1065 vt
1797 1022 1871 1067 eum
1892 1000 2066 1067 honorifice

398 1120 565 1207 recipiant.
608 1118 652 1185 Et
673 1116 793 1185 midam
813 1120 918 1205 ipsam
938 1128 1163 1205 representnnt
1184 1116 1354 1204 pontificos
1376 1138 1485 1181 eorum
1507 1116 1629 1204 populu
1651 1114 1796 1181 sellatum
1815 1128 1846 1181 et
1865 1116 2066 1205 phaleratam
2086 1130 2116 1181 ιο

397 1236 486 1300 omni
511 1233 565 1299 die
583 1234 736 1315 Veneris,
768 1232 898 1321 quaudo
924 1244 1164 1318 congregantur
1193 1230 1237 1297 ad
1262 1230 1495 1319 predicandum
1528 1232 1631 1319 legem
1663 1254 1762 1297 suam
1804 1232 1928 1299 Dicunt
1948 1244 2066 1306 autem,
2087 1242 2113 1293 tt

398 1349 485 1436 quod
506 1350 670 1439 predictus
690 1348 777 1415 tilius
794 1349 893 1415 Ahali
914 1350 1045 1415 omnino
1066 1348 1185 1413 redibit
1205 1346 1250 1413 nd
1271 1370 1336 1415 eos.
1379 1348 1423 1413 Et
1445 1350 1479 1413 iu
1503 1346 1618 1415 diebus
1646 1350 1749 1435 ipsius
1770 1347 1881 1414 dicunt
1901 1348 1987 1435 quod
2010 1372 2065 1435 ap·
2087 1356 2116 1407 tt

398 1464 527 1553 parebit
548 1464 698 1533 Christus
720 1479 753 1531 ct
773 1466 930 1531 efficietur
952 1468 1162 1531 Sarraccuus.

1013 1662 1104 1727 XIX.
1146 1660 1209 1725 DE
1231 1662 1452 1729 BALDACO.

524 1812 677 1879 Venimus
695 1824 803 1877 autem
823 1834 882 1899 per
903 1812 1035 1878 fluuium
1056 1823 1147 1877 recto
1169 1833 1266 1877 cursu
1288 1834 1390 1897 usquc
1411 1818 1588 1888 Batdacum,
1609 1814 1772 1879 ciuitatem
1789 1810 1981 1877 mirabilem.
2018 1790 2099 1907 lii}

402 1939 614 1995 occurrerunt
634 1926 728 1993 nobis
749 1928 868 1993 fratres
891 1931 994 1993 nostri
1017 1926 1141 1993 ordinis
1162 1940 1256 1993 extra
1278 1930 1452 1993 ciuitatem.
1489 1931 1580 2009 Quos
1604 1952 1675 1995 cum
1697 1927 1846 2009 vidimus,
1867 1940 1975 1993 tantus
1997 1936 2100 1991 erato

399 2044 492 2109 fletus
513 2057 545 2109 et
565 2042 738 2109 inundacio
758 2041 964 2109 lacrimarum
984 2066 1042 2131 pre
1064 2042 1194 2131 gaudio,
1216 2042 1303 2131 quod
1326 2046 1440 2131 paucis
1461 2042 1569 2109 verbis
1591 2044 1749 2131 explicari
1770 2066 1835 2109 non
1851 2056 1970 2131 posset.
2005 2042 2101 2108 Este

399 2173 506 2224 autem
519 2158 700 2225 Baidacum
721 2160 928 2225 auteuissima
947 2162 1074 2241 ciuitas,
1096 2162 1172 2247 quia
1194 2182 1253 2245 per
1273 2158 1416 2225 medium
1437 2161 1505 2225 cius
1529 2162 1628 2225 currit
1649 2184 1784 2245 siagrius
1807 2158 1925 2225 fluuius
1946 2158 2067 2244 Tigris.

399 2275 468 2341 luta
488 2274 631 2341 creditur
650 2298 721 2340 essa
743 2277 835 2340 Susis
849 2278 920 2357 ¹⁰¹),
948 2278 1062 2341 ciuitas
1083 2278 1225 2361 antiqua.
1267 2276 1305 2341 ln
1337 2274 1398 2341 hac
1419 2279 1526 2363 itaque
1549 2278 1679 2341 ciuitate
1703 2275 1876 2341 creduntur
1901 2298 1970 2339 csse
1994 2251 2101 2367 plus}

401 2412 498 2478 qnam
519 2390 657 2455 ducenta
680 2390 769 2455 milia
792 2392 1055 2471 sarracenorum,
1077 2403 1109 2456 ct
1128 2389 1204 2456 licat
1226 2390 1390 2455 habitacio
1413 2392 1455 2455 sit
1478 2394 1745 2473 Sarraceuurum,
1768 2403 1944 2457 esttamen
1967 2388 2065 2453 ‹lomi-

401 2508 489 2571 uium
510 2504 734 2572 'facturorum
776 2505 826 2571 lhi
847 2507 907 2571 fuit
934 2506 1028 2571 sedes
1050 2506 1320 2587 Sarraceuoruus3
1352 2530 1427 2571 nam
1449 2506 1494 2571 ibi
1518 2505 1689 2585 califae&
1719 2506 1817 2595 (quod
1837 2508 2100 2592 iuterpretatnrt

401 2644 568 2687 successor
590 2620 794 2697 Mechomcti)
816 2622 934 2688 stahut.
974 2622 1025 2688 lbi
1047 2624 1149 2687 eciam
1170 2634 1220 2687 est
1243 2622 1336 2687 sedes
1360 2624 1603 2689 Nestoriuorum
1619 2626 1684 2687 ¹⁴⁵³·.
2087 2634 2102 2685 8

961 2836 1037 2901 XX.
1079 2836 1141 2902 DE
1161 2836 1504 2915 NESTquxlsee.

525 2990 607 3053 Sunt
633 3004 740 3053 autem
761 2988 924 3052 Nestoriui
945 2986 1077 3053 heretici
1099 3002 1267 3071 aequantes
1288 3002 1320 3051 et
1343 2986 1559 3053 Theodorum.
1602 2986 1645 3051 Et
1673 2986 1746 3051 licet
1767 2988 1799 3051 in
1821 2984 1928 3051 multis
1950 2970 2097 3058 errent„¹

402 3103 544 3169 maxime
564 3119 672 3169 tamen
694 3105 727 3168 in
742 3103 872 3169 Christo
894 3116 1013 3181 errant,
1033 3126 1128 3191 quem
1152 3102 1262 3167 dicunt
1284 3114 1395 3167 natum
1415 3102 1456 3169 do
1478 3104 1604 3187 virgine
1625 3126 1740 3189 purum
1763 3102 1933 3176 homiuem,
1953 3038 2098 3187 ptustea²

403 3240 480 3283 sero
504 3218 655 3305 adeptum
675 3220 775 3283 fuisse
795 3216 989 3283 filiacionem
1007 3218 1071 3283 Dei
1093 3241 1151 3306 per
1172 3218 1370 3307 baptismum
1391 3230 1422 3283 et
1445 3232 1638 3307 persancte
1651 3242 1761 3307 opera,
1783 3240 1845 3305 quc
1860 3216 1942 3281 iecit
1975 3212 2100 3279 i'udctt

402 3332 512 3399 dicunt
535 3334 710 3399 Dominum
732 3333 859 3399 ihesum
881 3332 1047 3399 Christum
1068 3358 1133 3401 non
1154 3334 1255 3401 filium
1276 3335 1340 3399 Dei
1362 3335 1551 3417 naturalem,
1573 3334 1630 3399 scd
1651 3334 1845 3420 adoptiuum.
1883 3330 1927 3397 Et
1947 3330 2100 3409 dicuutt

403 3450 488 3537 qnod
507 3450 597 3515 Deus
623 3450 656 3513 iu
685 3448 739 3515 iilo
760 3448 888 3515 homine
909 3448 1070 3514 habitauit
1091 3452 1172 3515 sicut
1193 3452 1226 3515 in
1247 3450 1378 3539 templo.
1423 3452 1515 3515 Vnde
1536 3450 1646 3515 dicuut
1668 3450 1845 3515 misterium
1868 3448 2101 3513 incarnacios

402 3568 453 3631 uis
472 3566 571 3631 fuisse
590 3588 650 3653 per
670 3564 831 3653 quendam
851 3563 1015 3647 honoreus,
1037 3588 1131 3653 quem
1153 3580 1319 3631 assecutus
1342 3578 1390 3631 cst
1411 3566 1507 3633 homo
1525 3566 1588 3645 ille,
1610 3578 1641 3633 et
1657 3588 1715 3653 per
1731 3564 1936 3631 voluntatem.
1974 3562 2101 3627 i'ndeo

403 3698 435 3745 et
464 3680 572 3767 plures
598 3704 709 3747 eorum
736 3680 846 3745 dicum
875 3682 909 3745 iu
931 3679 1061 3747 Christo
1084 3704 1181 3745 vuum
1209 3681 1312 3747 solam
1336 3706 1406 3747 esse
1428 3682 1634 3749 voluntatem.
1677 3680 1769 3747 Vnde
1790 3680 1865 3745 lieet
1887 3678 2098 3745 concedenti

403 3795 567 3863 Christum
589 3820 660 3861 esse
680 3819 792 3861 verum
813 3796 918 3861 Deum
939 3810 972 3859 et
990 3818 1103 3861 verum
1124 3796 1300 3881 hominem,
1329 3810 1360 3863 et
1382 3800 1593 3865 confiteantur
1615 3797 1779 3865 Christum
1801 3794 1842 3861 da
1864 3797 1989 3883 virgine
2012 3818 2066 3859 ua·

403 3926 481 3993 turn,
502 3934 567 3977 uon
588 3925 693 3977 umen
715 3910 828 3977 volunt
848 3912 1004 3990 confiteri,
1024 3912 1110 3997 quod
1132 3912 1223 3978 Deus
1245 3915 1289 3979 sit
1308 3927 1404 3979 uatus
1425 3914 1466 3980 de
1486 3916 1622 4001 virgine,
1644 3913 1695 3979 vel
1717 3914 1876 3999 virginem
1895 3934 1964 3976 csse
1979 3912 2067 3997 geui-

403 4030 515 4093 tricem
543 4026 624 4109 Dei,
663 4026 719 4093 sed
748 4026 886 4092 hominis
914 4030 1104 4113 genitricem
1134 4042 1257 4094 tautum
1271 4032 1334 4107 ¹⁶³).
1393 4030 1486 4097 Vnde
1522 4030 1648 4111 dicunt,
1681 4028 1767 4117 quod
1804 4050 1867 4095 uon
1895 4042 1944 4091 est
1972 4026 2102 4111 iderqs

404 4146 458 4229 qui
494 4155 589 4211 natus
623 4156 671 4209 est
701 4166 743 4209 ex
771 4142 843 4207 Deo
881 4154 973 4229 patre
1004 4142 1047 4207 ah
1081 4156 1191 4209 eterno
1224 4160 1256 4209 et
1283 4168 1325 4211 cx
1359 4148 1484 4233 virgine
1521 4158 1623 4213 matre
1658 4168 1699 4209 ex
1732 4160 1885 4231 ternpore.
1939 4141 1979 4207 Et
2029 4164 2069 4205 uo

404 4276 560 4345 cogantur
590 4284 663 4325 euru
694 4272 825 4346 propter
856 4256 917 4321 hec
953 4256 1099 4325 diuidere
1133 4262 1167 4325 in
1197 4258 1278 4327 duos
1312 4260 1411 4343 filios,
1448 4261 1559 4327 dicum
1588 4284 1658 4327 esse
1684 4282 1782 4325 vnum
1810 4262 1909 4333 scias,
1941 4256 2102 4331 sciliceta

405 4396 501 4439 vnum
535 4378 790 4461 persrsnam¹“'’;;
826 4386 857 4437 et
891 4396 932 4437 ue
959 4387 1116 4459 cogantur
1145 4376 1254 4442 dicere
1288 4378 1394 4443 Datum
1425 4392 1536 4443 natum
1566 4400 1607 4441 cx
1635 4378 1777 4461 virgiac,
1816 4372 1964 4439 diuidunt
1995 4396 2066 4439 euru

404 4492 437 4555 in
467 4490 531 4555 duo
557 4493 744 4573 ‹scarrm¹''⁷„
773 4494 794 4554 i.
813 4511 840 4553 e.
868 4487 933 4553 duo
961 4492 1139 4577 supposita.
1183 4492 1277 4557 i'ude
1304 4494 1368 4581 ipsi
1400 4516 1510 4559 omncs
1539 4492 1650 4559 dicunt
1678 4492 1842 4557 Christum
1874 4512 1944 4553 esse
1971 4512 2068 4555 tuum
2089 4518 2120 4567 ιο

403 4610 488 4667 seirat
515 4621 545 4669 et
572 4606 638 4671 duo
664 4630 787 4681 arsura,
820 4602 907 4691 quod
934 4604 1108 4671 secundum
1136 4608 1338 4692 Nestorium,
1370 4612 1426 4698 qui
1454 4610 1513 4675 fuit
1541 4610 1684 4689 Grecus,
1717 4620 1809 4673 sonat
1836 4630 1900 4671 vua
1929 4628 2069 4693 persona

403 4738 435 4786 et
463 4720 525 4787 dno
552 4722 729 4809 supposita.
771 4720 840 4807 Ipsi
870 4734 977 4785 tamen
1004 4720 1167 4787 Nestorini
1195 4724 1368 4789 orientales
1396 4740 1468 4789 sunt
1489 4724 1621 4809 Caldei,
1652 4738 1683 4789 ct
1710 4726 1743 4789 in
1765 4721 1877 4789 caldeo
1905 4720 2017 4809 legunt
2038 4734 2068 4785 et
2090 4744 2117 4797 ιι

402 4851 504 4903 mant.
548 4836 641 4901 Vnde
662 4836 749 4902 nullo
770 4836 866 4901 modo
889 4838 1004 4916 sciunt,
1026 4859 1088 4924 que
1110 4853 1158 4903 est
1179 4838 1367 4905 differeucis
1388 4842 1471 4907 inter
1492 4864 1598 4903 acuum
1620 4854 1650 4903 et
1672 4844 1772 4913 scion,
1802 4851 1833 4903 et
1854 4840 1951 4923 igitur
1974 4836 2068 4901 ualde
2091 4860 2119 4909 ιι

402 4952 480 5017 vtile
501 4975 636 5041 querere
656 4952 698 5017 ab
719 4954 782 5035 eis,
814 4976 876 5037 que
898 4967 945 5015 eat
968 4954 1051 5017 iuter
1080 4977 1185 5017 acuum
1207 4968 1238 5019 et
1257 4962 1343 5015 sciar
1371 4956 1541 5037 diffinieir),
1571 4968 1601 5021 et
1623 4980 1683 5043 que
1705 4972 1754 5019 est
1776 4954 1964 5021 differencis
1986 4954 2068 5017 inter

402 5092 505 5131 amero·
538 5086 569 5133 et
594 5094 686 5132 sciris.
728 5068 772 5133 Et
794 5068 970 5133 secundum
998 5070 1167 5135 veritatem
1189 5072 1317 5157 penitus
1345 5070 1432 5137 nuilla
1454 5086 1501 5137 cst
1523 5072 1727 5151 differcucia,
1755 5070 1818 5135 uisi
1839 5074 1925 5131 scias
1944 5083 1992 5133 est
2014 5092 2067 5135 uo·
2089 5084 2119 5137 ts

470 5294 537 5349 161·
560 5288 654 5361 Sum)
677 5286 762 5355 5¹1⁸&
784 5307 860 5346 nunc
883 5284 952 5346 Sus·
1320 5298 1387 5383 loti)
1413 5312 1470 5349 can
1489 5290 1674 5369 personati.
1691 5288 1900 5349 vocabamur
1923 5300 1967 5347 est
1988 5286 2069 5347 arab.

467 5408 535 5463 m'
558 5405 667 5477 (0111111
690 5400 726 5461 G·
1257 5390 1350 5502 025
1375 5426 1518 5483 'seducis‘
1541 5442 1676 5505 persona.

465 5525 520 5581 163
558 5518 792 5591 Nestor-inertem}
826 5516 851 5577 Γ
854 5518 873 5577 1.
894 5516 997 5577 Ritteri
1025 5536 1126 5596 geogr.
1156 5516 1212 5577 IX.
1321 5528 1386 5593 167,
1412 5526 1543 5593 durem,
1574 5520 1652 5643 quod
1686 5520 1761 5580 infru
1789 5520 1933 5577 edanum
1955 5516 2069 5594 dicitur,

402 5622 471 5679 671.

1255 5674 1299 5719 est
1321 5662 1383 5719 sive
1404 5658 1485 5719 arab.
1510 5624 1597 5759 3723!
1615 5658 1733 5713 :ut-num
1755 5702 1762 5723 ,
1794 5654 1855 5713 sire
1877 5676 1934 5735 syr.
1962 5620 2067 5711 iifl&

466 5748 520 5805 ¹⁶⁴
556 5745 574 5803 ἱ·
595 5764 622 5803 ²
642 5742 833 5801 Nfflwfi‘ffl·
1255 5774 1407 5845 (usuam.)
1438 5774 1503 5835 vu
1526 5772 1677 5833 mmsis
1698 5772 1735 5833 ss
1756 5772 1883 5833 mmsis
1905 5774 2065 5835 essars.

469 5880 523 5936 tos
553 5872 600 5935 1.·1.
611 5874 741 5933 Neandri
756 5874 821 5933 hist.
840 5872 911 5935 eccl.
929 5872 967 5933 T.
982 5872 1012 5933 11
1035 5874 1152 5934 Partem
1165 5874 1213 5935 111
1254 5876 1361 5954 syriae.
1381 5894 1448 5953 pag.
1470 5880 1544 5944 11ος
1576 5870 1605 5931 id
1627 5872 1705 5953 quud
1727 5892 1773 5933 tne
1795 5870 1892 5933 docuit
1914 5872 1969 5931 lut.
1991 5874 2066 5947 Aug.

402 5994 431 6051 p.
453 5976 512 6033 955
534 5992 597 6051 sqq.
1256 5972 1386 6033 lieimers
1408 5970 1443 6030 V.
1466 5970 1504 6029 1».
