5284 7042
1458 731 1477 790 6

635 913 795 969 vetustate
817 904 945 987 deletis,
977 904 1094 970 deiude
1116 909 1237 994 pagina
1258 908 1355 972 tertia
1376 905 1426 972 his
1447 906 1572 971 verbis:
1600 930 1645 968 om
1668 912 1699 968 in
1720 909 1867 968 ueteribus
1896 907 2047 987 apstolrijs
2068 911 2200 985 leporius
2221 908 2313 966 sicud

519 1011 523 1016 ’
638 1023 726 1099 dieitl.
768 1020 875 1086 Locus
907 1043 1027 1086 vacans
1056 1033 1129 1087 ante
1158 1021 1270 1088 literas
1298 1047 1344 1084 oni
1373 1021 1485 1087 literae
1513 1021 1629 1087 initiali
1660 1022 1836 1108 apictoris
1858 1043 1955 1086 manu
1975 1019 2187 1088 exornandae
2206 1019 2310 1084 desti-

635 1149 729 1201 natus
749 1137 848 1202 fuisse
870 1136 1006 1202 videtur.

759 1287 852 1351 Finis
880 1285 955 1351 libri
986 1299 1048 1352 est:
1079 1291 1109 1348 in
1137 1291 1193 1348 lac
1219 1291 1311 1348 eciam
1336 1299 1443 1364 postea
1473 1291 1626 1366 lapidatas
1648 1299 1691 1348 est
1713 1289 1864 1347 Ieremias.
1907 1292 2085 1350 Benedictus
2106 1289 2145 1346 sit
2168 1291 2255 1347 Deus
2283 1299 2311 1346 et

634 1415 758 1463 sanctas
781 1407 929 1466 illaturus.
973 1407 1073 1467 Amen.

1122 1607 1149 1666 2.
1181 1615 1417 1665 aeooaarnou
1438 1616 1693 1664 nnuanneansu
1716 1599 1780 1674 tha.

759 1747 994 1835 Apograplmm
1015 1749 1137 1814 formae
1160 1747 1255 1830 illius,
1278 1771 1361 1834 quae
1382 1771 1401 1812 a
1422 1747 1498 1812 folio
1519 1749 1641 1812 minore
1661 1768 1778 1811 nomen
1792 1750 1903 1827 traxit,
1926 1747 2034 1814 seculo
2048 1749 2127 1814 XVI
2143 1751 2177 1814 in
2189 1749 2307 1816 charta

636 1865 809 1950 scriptoria
832 1875 1017 1946 exaratum,
1045 1865 1236 1952 paginarum
1259 1869 1315 1946 72,
1338 1865 1478 1950 primurn
1501 1863 1641 1928 continet
1660 1864 1873 1948 lragmentum
1897 1863 1937 1928 de
1958 1887 2053 1929 sacra
2074 1887 2189 1946 coena,
2219 1889 2253 1929 n.
2282 1877 2304 1932 l.

636 2003 666 2065 p.
690 1985 780 2060 3-9,
803 1979 920 2045 deinde
941 1979 1058 2045 librum
1079 1991 1225 2046 nostrum
1247 1982 1454 2065 inscriptum:

801 2133 986 2192 Itinerarius
1018 2141 1097 2191 terre
1119 2141 1222 2191 sancte
1245 2134 1460 2207 includebantur,
1485 2132 1579 2190 editus
1606 2151 1626 2191 a
1640 2137 1749 2206 fratre
1768 2134 1946 2192 Barchardo
1966 2135 2002 2191 de
2023 2135 2154 2209 Beryto,
2181 2137 2302 2192 ordinis

799 2249 1031 2326 predicatorum.

758 2393 954 2479 Exemplum
985 2393 1047 2458 hoc
1074 2415 1139 2458 non
1167 2394 1235 2458 sine
1262 2416 1339 2458 cura
1368 2404 1399 2457 et
1426 2391 1594 2478 diligentia
1623 2393 1817 2473 confectum,
1855 2395 1977 2478 pagina
2008 2399 2044 2460 13
2066 2395 2305 2482 ichnographia

636 2510 793 2598 quadam,
823 2511 951 2596 paginis
974 2516 1013 2576 70
1036 2519 1067 2574 et
1090 2515 1122 2574 71
1151 2507 1261 2572 tabula
1282 2507 1503 2595 geographica
1531 2517 1679 2572 ornatum
1705 2520 1768 2589 est,
1798 2531 1858 2572 nee
1887 2508 1993 2573 indice
2015 2520 2104 2575 caret
2125 2533 2145 2575 a
2165 2509 2303 2576 librario

638 2625 778 2690 condito.
823 2625 887 2706 Qui
914 2629 947 2691 in
977 2623 1188 2690 describendo
1210 2639 1241 2688 et
1264 2622 1406 2690 codicem
1429 2623 1710 2711 Staphorstianum
1732 2635 1763 2688 et
1784 2623 2010 2688 Rudimentum
2033 2628 2231 2692 nouiciornrn
2254 2652 2304 2692 se·

636 2753 753 2828 quntus
776 2765 845 2806 esse
866 2741 1003 2806 videtur.

977 2947 1002 3008 3,
1025 2949 1052 3008 4.
1075 2948 1102 3006 5.
1125 2956 1271 3004 caumas
1292 2956 1605 3004 vuarrsumuausus
1627 2957 1713 3003 raas
1735 2937 1798 3013 (Va
1820 2937 1871 3001 Vb
1893 2937 1963 3015 Vc).

760 3089 842 3154 Tres
864 3088 1047 3155 Barchardi
1076 3089 1202 3154 codices
1230 3099 1377 3152 asservat
1398 3087 1601 3153 Bibliotheca
1620 3087 1852 3153 Universitatis
1873 3087 2157 3166 Vratislaviensis,
2187 3087 2300 3154 eadem

635 3225 744 3268 ornnes
765 3207 889 3270 ratione
911 3207 1111 3292 incipientes,
1134 3203 1191 3268 aed
1213 3205 1321 3268 varios
1344 3203 1378 3268 in
1399 3203 1512 3268 modos
1535 3213 1699 3268 exeuntes.

760 3353 872 3419 Codex
901 3353 1157 3417 vratislaviensis
1184 3355 1305 3438 primus
1329 3352 1421 3432 (Va),
1444 3350 1724 3434 membranaceus,
1748 3352 1871 3416 formae
1893 3351 1962 3418 folii
1983 3353 2131 3433 ininoris,
2154 3355 2300 3440 signatas

636 3469 693 3532 IV.
716 3469 755 3532 Fa
780 3475 850 3550 191,
873 3467 980 3532 seculo
1003 3467 1083 3532 XIV
1105 3473 1202 3542 (certe
1222 3477 1294 3552 post
1316 3490 1434 3531 annuam
1457 3472 1547 3543 1317)
1570 3469 1727 3554 scriptus,
1750 3470 1890 3532 continet
1910 3467 1987 3533 folia
2010 3475 2076 3536 165.
2117 3467 2301 3533 Barchardi

636 3585 812 3669 descriptio
834 3593 940 3648 terrae
961 3592 1095 3648 sanetae
1117 3593 1165 3646 eat
1186 3605 1259 3668 pag.
1283 3588 1453 3649 tta-¹51.
1496 3583 1688 3669 Tegumonti
1708 3583 1742 3646 iu
1762 3582 1859 3648 dorso
1880 3583 2018 3670 legitur
2044 3590 2185 3665 Lependa
2206 3589 2302 3646 maior

637 3704 668 3764 S.
689 3703 851 3780 Hedwipis.
894 3699 1007 3764 Insunt
1038 3700 1072 3762 in
1098 3697 1158 3762 hoc
1184 3696 1346 3763 volumine
1373 3697 1559 3763 collectiva:
1587 3698 1741 3784 Legenda
1762 3701 1865 3764 maior
1886 3701 1926 3764 de
1946 3699 1978 3765 S.
2000 3699 2166 3785 Hedwige.
2206 3699 2302 3764 Vitae

635 3815 827 3879 Pontificum
850 3814 942 3879 Rom.
963 3813 1004 3879 ad
1028 3837 1056 3878 a.
1082 3819 1168 3880 1216.
1210 3814 1305 3879 Vitae
1327 3815 1417 3880 Rom.
1461 3815 1697 3901 Imperatorum
1725 3815 1766 3879 ab
1790 3815 1970 3881 Octaviano
1997 3815 2200 3882 adalano.
2241 3815 2299 3878 Ηί-

638 3931 739 3994 storia
760 3930 888 3995 Hieros.
911 3929 953 3994 ad
975 3929 1150 3995 Robertnm
1173 3951 1251 3996 com.
1271 3930 1406 3996 Flandr.
1438 3931 1587 4016 Denique
1599 3930 1807 3996 Barchardus
1829 3931 1870 3996 de
1882 3931 1992 3996 Monte
2009 3931 2106 4018 Syon.
2143 3931 2192 3996 Cf.
2205 3931 2300 3996 Perta

636 4045 760 4110 Archiv
782 4046 829 4110 IV
850 4051 889 4111 99
913 4069 980 4132 sqq.
1003 4046 1053 4110 XI
1076 4051 1143 4114 796.

759 4195 859 4260 Liber
889 4193 957 4276 hic,
987 4195 1062 4260 olim
1086 4195 1339 4277 ,‚Sauotissi1nae
1361 4196 1507 4280 Virginis
1528 4195 1653 4260 hieriae
1679 4197 1713 4260 iu
1739 4194 2021 4259 Heinriclroviensi
2049 4197 2242 4261 monasterio
2264 4201 2293 4260 δ,

639 4309 719 4375 Ord.
743 4309 852 4394 Cistf‘,
875 4333 959 4374 nuno
981 4324 1169 4377 asservatur
1190 4315 1223 4376 in
1244 4311 1445 4379 Bibliotheca
1468 4311 1697 4376 Universitatis
1718 4309 1994 4392 Vratislaviensis‚
2016 4309 2097 4375 alias
2118 4309 2299 4377 biblotheca

638 4425 773 4492 centrali
795 4425 889 4491 dicta.

759 4572 873 4640 Codex
899 4574 951 4638 Va
978 4576 1092 4662 incipit
1123 4597 1142 4638 n
1174 4573 1298 4640 verbis:
1331 4578 1530 4638 Dilectissimo
1564 4578 1595 4636 in
1623 4577 1741 4636 Christo
1769 4581 1857 4638 Ihesa
1883 4580 1972 4654 patri
1991 4579 2096 4652 fratri
2119 4581 2299 4638 Burcliardo

588 4697 592 4706 '
635 4694 739 4752 lectori
750 4699 891 4768 fratrum
912 4695 1027 4752 ordinis
1044 4696 1270 4771 predicatorum
1300 4697 1331 4752 in
1352 4695 1562 4770 ellapdeburcd.
1606 4689 1650 4754 Et
1676 4689 1785 4754 finitur
1806 4691 1930 4756 verbis:
1959 4713 2040 4770 quem
2062 4695 2228 4770 lampadem
2256 4695 2299 4752 di·

636 4811 713 4868 citur
735 4811 862 4868 Martha
889 4811 932 4867 cd
956 4811 1090 4868 honorem
1117 4810 1249 4887 sepulcri
1275 4811 1375 4868 sancti
1402 4810 1587 4868 constituisse
1608 4817 1636 4868 et
1656 4811 1794 4867 Lazarus
1808 4815 1917 4884 sratcr
1938 4811 2008 4870 eiua.
2051 4811 2192 4886 &plicia

1357 5009 1585 5016 ———-——

760 5133 872 5200 Codex
893 5132 1150 5200 vratislavienais
1173 5134 1253 5200 alter
1267 5138 1344 5217 (Vb)
1365 5138 1564 5218 chartaceus,
1584 5137 1706 5202 formae
1725 5135 1794 5201 folii
1815 5138 1959 5218 minoris,
1982 5138 2126 5222 signatus
2151 5137 2298 5206 lama

636 5247 734 5312 hahet
757 5248 1038 5336 subscriptionem:
1060 5254 1194 5314 Finitum
1214 5277 1294 5316 anno
1313 5257 1435 5316 Domini
1458 5260 1545 5334 1497,
1568 5257 1599 5314 in
1623 5257 1755 5314 crastino
1776 5257 1875 5315 sancti
1895 5257 2069 5331 Francisci,
2098 5256 2173 5314 lora
2194 5257 2298 5315 tercia·

637 5387 703 5424 rum
724 5369 771 5426 oet
792 5369 895 5444 quasi;
918 5369 1048 5446 corripe,
1068 5371 1167 5430 lector.
1210 5367 1271 5432 Est
1291 5368 1441 5434 volumen
1463 5366 1694 5433 collectaneum
1715 5367 1862 5432 foliorum
1887 5374 1963 5450 249,
1994 5370 2028 5432 in
2050 5368 2146 5432 dorso
2166 5368 2299 5454 inscrip-

637 5489 720 5542 tum:
754 5482 888 5542 Conradi
908 5485 1044 5544 Sationis
1070 5505 1183 5544 suarna
1211 5489 1246 5545 de
1268 5489 1411 5548 trinitate.
1454 5483 1627 5547 Tractatns
1650 5483 1691 5548 de
1713 5493 1800 5547 terra
1819 5494 1931 5549 saneta
1958 5494 2066 5549 exstat
2086 5482 2172 5548 foliis
2194 5487 2301 5550 230—

637 5601 705 5661 249.
748 5593 835 5659 Olim
857 5605 926 5660 erat
947 5599 1174 5662 canonicorum
1194 5600 1448 5685 Augustinorum
1470 5598 1717 5684 Saganensium.

758 5744 876 5830 Incipit
898 5747 980 5808 sicut
1003 5747 1135 5830 primus,
1155 5745 1264 5812 finitur
1285 5748 1410 5813 verbis:
1433 5752 1464 5810 in
1482 5751 1619 5810 missione
1641 5752 1774 5828 Spiritus
1795 5752 1902 5811 Sancti
1921 5754 2032 5812 Parthi
2053 5753 2137 5811 Medi
2159 5764 2209 5815 cet.

1353 5970 1578 5979 --.--.
