<?xml version="1.0" encoding="UTF-8"?>
<!DOCTYPE html PUBLIC "-//W3C//DTD XHTML 1.0 Transitional//EN"
    "http://www.w3.org/TR/xhtml1/DTD/xhtml1-transitional.dtd">
<html xmlns="http://www.w3.org/1999/xhtml" xml:lang="en" lang="en">
 <head>
  <title>
</title>
<meta http-equiv="Content-Type" content="text/html;charset=utf-8" />
  <meta name='ocr-system' content='tesseract 3.04.00' />
  <meta name='ocr-capabilities' content='ocr_page ocr_carea ocr_par ocr_line ocrx_word'/>
</head>
<body>
  <div class='ocr_page' id='page_1' title='image "./peregrinatoresm00odorgoog_0116.png"; bbox 0 0 5284 7042; ppageno 0'>
   <div class='ocr_carea' id='block_1_1' title="bbox 1412 728 1467 787">
    <p class='ocr_par' dir='ltr' id='par_1_1' title="bbox 1412 728 1467 787">
     <span class='ocr_line' id='line_1_1' title="bbox 1412 728 1467 787; baseline 0.036 -2"><span class='ocrx_word' id='word_1_1' title='bbox 1412 728 1467 787; x_wconf 82' lang='lat' dir='ltr'>tot</span> 
     </span>
    </p>
   </div>
   <div class='ocr_carea' id='block_1_2' title="bbox 518 901 2279 3414">
    <p class='ocr_par' dir='ltr' id='par_1_2' title="bbox 603 901 2279 991">
     <span class='ocr_line' id='line_1_2' title="bbox 603 901 2279 991; baseline -0.002 -22"><span class='ocrx_word' id='word_1_2' title='bbox 603 907 686 969; x_wconf 90' lang='lat' dir='ltr'>sicut</span> <span class='ocrx_word' id='word_1_3' title='bbox 714 927 833 991; x_wconf 88' lang='lat' dir='ltr'>equam</span> <span class='ocrx_word' id='word_1_4' title='bbox 859 906 893 968; x_wconf 92' lang='lat' dir='ltr'>in</span> <span class='ocrx_word' id='word_1_5' title='bbox 915 904 1027 966; x_wconf 83' lang='lat' dir='ltr'>vinum</span> <span class='ocrx_word' id='word_1_6' title='bbox 1056 912 1276 983; x_wconf 88' lang='lat' dir='ltr'>conuerteret,</span> <span class='ocrx_word' id='word_1_7' title='bbox 1304 924 1423 989; x_wconf 92' lang='lat' dir='ltr'>aquem</span> <span class='ocrx_word' id='word_1_8' title='bbox 1446 923 1514 967; x_wconf 89' lang='lat' dir='ltr'>mee</span> <span class='ocrx_word' id='word_1_9' title='bbox 1536 901 1745 989; x_wconf 87' lang='lat' dir='ltr'>insipiditatis</span> <span class='ocrx_word' id='word_1_10' title='bbox 1773 912 1803 967; x_wconf 88' lang='lat' dir='ltr'>et</span> <span class='ocrx_word' id='word_1_11' title='bbox 1825 902 2050 969; x_wconf 85' lang='lat' dir='ltr'>indevooionis</span> <span class='ocrx_word' id='word_1_12' title='bbox 2075 912 2279 966; x_wconf 85' lang='lat' dir='ltr'>conuerteret</span> 
     </span>
    </p>

    <p class='ocr_par' dir='ltr' id='par_1_3' title="bbox 518 1016 1411 1104">
     <span class='ocr_line' id='line_1_3' title="bbox 518 1016 1411 1104; baseline -0.004 -20"><span class='ocrx_word' id='word_1_13' title='bbox 518 1073 521 1084; x_wconf 89' lang='lat'>.</span> <span class='ocrx_word' id='word_1_14' title='bbox 603 1023 636 1083; x_wconf 93' lang='lat' dir='ltr'>in</span> <span class='ocrx_word' id='word_1_15' title='bbox 658 1021 768 1084; x_wconf 87' lang='lat' dir='ltr'>vinum</span> <span class='ocrx_word' id='word_1_16' title='bbox 791 1018 1050 1104; x_wconf 82' lang='lat' dir='ltr'>compunctionis</span> <span class='ocrx_word' id='word_1_17' title='bbox 1072 1016 1250 1104; x_wconf 87' lang='lat' dir='ltr'>spiritualis</span> <span class='ocrx_word' id='word_1_18' title='bbox 1272 1018 1411 1104; x_wconf 86' lang='lat' dir='ltr'>saporis.</span> 
     </span>
    </p>

    <p class='ocr_par' dir='ltr' id='par_1_4' title="bbox 570 1130 2272 1219">
     <span class='ocr_line' id='line_1_4' title="bbox 570 1130 2272 1219; baseline 0 -20"><span class='ocrx_word' id='word_1_19' title='bbox 570 1142 585 1192; x_wconf 85' lang='grc'>8</span> <span class='ocrx_word' id='word_1_20' title='bbox 726 1135 807 1199; x_wconf 91' lang='lat' dir='ltr'>lnde</span> <span class='ocrx_word' id='word_1_21' title='bbox 828 1146 917 1198; x_wconf 90' lang='lat' dir='ltr'>recto</span> <span class='ocrx_word' id='word_1_22' title='bbox 939 1155 1037 1197; x_wconf 89' lang='lat' dir='ltr'>cursu</span> <span class='ocrx_word' id='word_1_23' title='bbox 1058 1134 1204 1197; x_wconf 89' lang='lat' dir='ltr'>venimus</span> <span class='ocrx_word' id='word_1_24' title='bbox 1227 1132 1344 1215; x_wconf 83' lang='lat' dir='ltr'>casale,</span> <span class='ocrx_word' id='word_1_25' title='bbox 1367 1130 1549 1219; x_wconf 88' lang='lat' dir='ltr'>quindecim</span> <span class='ocrx_word' id='word_1_26' title='bbox 1572 1131 1712 1197; x_wconf 86' lang='lat' dir='ltr'>miliaria</span> <span class='ocrx_word' id='word_1_27' title='bbox 1732 1156 1752 1197; x_wconf 91' lang='lat' dir='ltr'>e</span> <span class='ocrx_word' id='word_1_28' title='bbox 1768 1132 1978 1215; x_wconf 77' lang='lat' dir='ltr'>(ienesereth,</span> <span class='ocrx_word' id='word_1_29' title='bbox 2001 1133 2086 1219; x_wconf 89' lang='lat' dir='ltr'>qnod</span> <span class='ocrx_word' id='word_1_30' title='bbox 2108 1144 2272 1219; x_wconf 83' lang='lat' dir='ltr'>estsuper</span> 
     </span>
    </p>

    <p class='ocr_par' dir='ltr' id='par_1_5' title="bbox 570 1247 2279 1451">
     <span class='ocr_line' id='line_1_5' title="bbox 570 1247 2278 1336; baseline -0.002 -21"><span class='ocrx_word' id='word_1_31' title='bbox 570 1267 693 1316; x_wconf 81' lang='lat' dir='ltr'>emere</span> <span class='ocrx_word' id='word_1_32' title='bbox 716 1250 851 1315; x_wconf 83' lang='lat' dir='ltr'>Gelilee.</span> <span class='ocrx_word' id='word_1_33' title='bbox 894 1248 945 1313; x_wconf 95' lang='lat' dir='ltr'>Ibi</span> <span class='ocrx_word' id='word_1_34' title='bbox 973 1249 1007 1311; x_wconf 92' lang='lat' dir='ltr'>in</span> <span class='ocrx_word' id='word_1_35' title='bbox 1035 1247 1193 1312; x_wconf 84' lang='lat' dir='ltr'>descensu</span> <span class='ocrx_word' id='word_1_36' title='bbox 1224 1250 1342 1313; x_wconf 90' lang='lat' dir='ltr'>montis</span> <span class='ocrx_word' id='word_1_37' title='bbox 1371 1272 1468 1336; x_wconf 89' lang='lat' dir='ltr'>snper</span> <span class='ocrx_word' id='word_1_38' title='bbox 1490 1270 1580 1313; x_wconf 87' lang='lat' dir='ltr'>mare</span> <span class='ocrx_word' id='word_1_39' title='bbox 1603 1248 1803 1313; x_wconf 87' lang='lat' dir='ltr'>centenimus</span> <span class='ocrx_word' id='word_1_40' title='bbox 1825 1248 2028 1335; x_wconf 87' lang='lat' dir='ltr'>euangelium</span> <span class='ocrx_word' id='word_1_41' title='bbox 2051 1248 2092 1313; x_wconf 90' lang='lat' dir='ltr'>de</span> <span class='ocrx_word' id='word_1_42' title='bbox 2112 1248 2178 1313; x_wconf 90' lang='lat' dir='ltr'>illis</span> <span class='ocrx_word' id='word_1_43' title='bbox 2199 1248 2278 1313; x_wconf 78' lang='lat' dir='ltr'>dne</span> 
     </span>
     <span class='ocr_line' id='line_1_6' title="bbox 603 1362 2279 1451; baseline -0.002 -21"><span class='ocrx_word' id='word_1_44' title='bbox 603 1365 664 1430; x_wconf 93' lang='lat' dir='ltr'>bus</span> <span class='ocrx_word' id='word_1_45' title='bbox 691 1366 905 1444; x_wconf 79' lang='lat' dir='ltr'><strong>demoniacis,</strong></span> <span class='ocrx_word' id='word_1_46' title='bbox 937 1386 1017 1450; x_wconf 89' lang='lat' dir='ltr'>quos</span> <span class='ocrx_word' id='word_1_47' title='bbox 1040 1364 1187 1429; x_wconf 86' lang='lat' dir='ltr'>Christus</span> <span class='ocrx_word' id='word_1_48' title='bbox 1213 1367 1340 1429; x_wconf 88' lang='lat' dir='ltr'>curauit</span> <span class='ocrx_word' id='word_1_49' title='bbox 1366 1364 1412 1428; x_wconf 93' lang='lat' dir='ltr'>ibi</span> <span class='ocrx_word' id='word_1_50' title='bbox 1439 1388 1459 1427; x_wconf 91' lang='lat' dir='ltr'>e</span> <span class='ocrx_word' id='word_1_51' title='bbox 1480 1363 1605 1449; x_wconf 80' lang='lat' dir='ltr'>legione</span> <span class='ocrx_word' id='word_1_52' title='bbox 1629 1363 1816 1445; x_wconf 83' lang='lat' dir='ltr'>demonum,</span> <span class='ocrx_word' id='word_1_53' title='bbox 1844 1388 1924 1451; x_wconf 90' lang='lat' dir='ltr'>qnos</span> <span class='ocrx_word' id='word_1_54' title='bbox 1947 1362 2097 1431; x_wconf 78' lang='lat' dir='ltr'>Christus</span> <span class='ocrx_word' id='word_1_55' title='bbox 2119 1364 2279 1429; x_wconf 75' lang='lat' dir='ltr'>concessit</span> 
     </span>
    </p>

    <p class='ocr_par' dir='ltr' id='par_1_6' title="bbox 555 1478 2078 1566">
     <span class='ocr_line' id='line_1_7' title="bbox 555 1478 2078 1566; baseline 0.002 -23"><span class='ocrx_word' id='word_1_56' title='bbox 555 1494 585 1543; x_wconf 86' lang='lat' dir='ltr'>to</span> <span class='ocrx_word' id='word_1_57' title='bbox 603 1481 728 1544; x_wconf 88' lang='lat' dir='ltr'>intrare</span> <span class='ocrx_word' id='word_1_58' title='bbox 749 1482 783 1543; x_wconf 90' lang='lat' dir='ltr'>in</span> <span class='ocrx_word' id='word_1_59' title='bbox 804 1503 931 1566; x_wconf 89' lang='lat' dir='ltr'>porcos.</span> <span class='ocrx_word' id='word_1_60' title='bbox 973 1479 1025 1544; x_wconf 92' lang='lat' dir='ltr'>lbi</span> <span class='ocrx_word' id='word_1_61' title='bbox 1044 1480 1158 1564; x_wconf 89' lang='lat' dir='ltr'>rogaui</span> <span class='ocrx_word' id='word_1_62' title='bbox 1181 1478 1367 1558; x_wconf 90' lang='lat' dir='ltr'>Dominum,</span> <span class='ocrx_word' id='word_1_63' title='bbox 1387 1478 1472 1565; x_wconf 91' lang='lat' dir='ltr'>quod</span> <span class='ocrx_word' id='word_1_64' title='bbox 1493 1502 1544 1543; x_wconf 90' lang='lat' dir='ltr'>me</span> <span class='ocrx_word' id='word_1_65' title='bbox 1565 1478 1606 1543; x_wconf 89' lang='lat' dir='ltr'>eb</span> <span class='ocrx_word' id='word_1_66' title='bbox 1629 1479 1893 1545; x_wconf 75' lang='lat' dir='ltr'>infestacionibus</span> <span class='ocrx_word' id='word_1_67' title='bbox 1915 1480 2078 1547; x_wconf 87' lang='lat' dir='ltr'>liberaret.</span> 
     </span>
    </p>

    <p class='ocr_par' dir='ltr' id='par_1_7' title="bbox 555 1594 2276 1680">
     <span class='ocr_line' id='line_1_8' title="bbox 555 1594 2276 1680; baseline 0.003 -27"><span class='ocrx_word' id='word_1_68' title='bbox 555 1604 583 1653; x_wconf 87' lang='lat'>11</span> <span class='ocrx_word' id='word_1_69' title='bbox 728 1595 807 1659; x_wconf 91' lang='lat' dir='ltr'>Inde</span> <span class='ocrx_word' id='word_1_70' title='bbox 830 1595 1055 1660; x_wconf 83' lang='lat' dir='ltr'>descendimus</span> <span class='ocrx_word' id='word_1_71' title='bbox 1076 1595 1111 1657; x_wconf 93' lang='lat' dir='ltr'>in</span> <span class='ocrx_word' id='word_1_72' title='bbox 1131 1598 1335 1673; x_wconf 71' lang='lat' dir='ltr'>Bethsaidam,</span> <span class='ocrx_word' id='word_1_73' title='bbox 1355 1597 1495 1680; x_wconf 90' lang='lat' dir='ltr'>quinque</span> <span class='ocrx_word' id='word_1_74' title='bbox 1517 1594 1665 1669; x_wconf 85' lang='lat' dir='ltr'>miliaria,</span> <span class='ocrx_word' id='word_1_75' title='bbox 1689 1596 1852 1659; x_wconf 85' lang='lat' dir='ltr'>ciuitatem</span> <span class='ocrx_word' id='word_1_76' title='bbox 1873 1596 2005 1661; x_wconf 86' lang='lat' dir='ltr'>Andree</span> <span class='ocrx_word' id='word_1_77' title='bbox 2025 1606 2058 1661; x_wconf 87' lang='lat' dir='ltr'>et</span> <span class='ocrx_word' id='word_1_78' title='bbox 2078 1595 2183 1675; x_wconf 87' lang='lat' dir='ltr'>Petri,</span> <span class='ocrx_word' id='word_1_79' title='bbox 2213 1616 2276 1679; x_wconf 89' lang='lat' dir='ltr'>que</span> 
     </span>
    </p>

    <p class='ocr_par' dir='ltr' id='par_1_8' title="bbox 554 1708 2274 1797">
     <span class='ocr_line' id='line_1_9' title="bbox 554 1708 2274 1797; baseline -0.004 -19"><span class='ocrx_word' id='word_1_80' title='bbox 554 1729 586 1779; x_wconf 81' lang='lat'>12</span> <span class='ocrx_word' id='word_1_81' title='bbox 605 1722 655 1775; x_wconf 89' lang='lat' dir='ltr'>est</span> <span class='ocrx_word' id='word_1_82' title='bbox 680 1712 774 1775; x_wconf 83' lang='lat' dir='ltr'>iuxta</span> <span class='ocrx_word' id='word_1_83' title='bbox 802 1733 892 1774; x_wconf 89' lang='lat' dir='ltr'>mare</span> <span class='ocrx_word' id='word_1_84' title='bbox 915 1710 1048 1774; x_wconf 86' lang='lat' dir='ltr'>Galilec.</span> <span class='ocrx_word' id='word_1_85' title='bbox 1090 1708 1135 1773; x_wconf 85' lang='lat' dir='ltr'>Et</span> <span class='ocrx_word' id='word_1_86' title='bbox 1156 1709 1301 1773; x_wconf 78' lang='lat' dir='ltr'>remmus</span> <span class='ocrx_word' id='word_1_87' title='bbox 1326 1712 1417 1774; x_wconf 85' lang='lat' dir='ltr'>iuxta</span> <span class='ocrx_word' id='word_1_88' title='bbox 1441 1733 1546 1791; x_wconf 87' lang='lat' dir='ltr'>ruere,</span> <span class='ocrx_word' id='word_1_89' title='bbox 1576 1720 1608 1775; x_wconf 88' lang='lat' dir='ltr'>et</span> <span class='ocrx_word' id='word_1_90' title='bbox 1634 1712 1836 1775; x_wconf 82' lang='lat' dir='ltr'>centenimus</span> <span class='ocrx_word' id='word_1_91' title='bbox 1858 1712 1903 1776; x_wconf 95' lang='lat' dir='ltr'>ibi</span> <span class='ocrx_word' id='word_1_92' title='bbox 1926 1711 2129 1797; x_wconf 86' lang='lat' dir='ltr'>euangelium</span> <span class='ocrx_word' id='word_1_93' title='bbox 2141 1712 2163 1788; x_wconf 69' lang='grc' dir='ltr'>ἲ)</span> <span class='ocrx_word' id='word_1_94' title='bbox 2187 1716 2274 1785; x_wconf 78' lang='lat' dir='ltr'>„Am-</span> 
     </span>
    </p>

    <p class='ocr_par' dir='ltr' id='par_1_9' title="bbox 556 1825 2273 2027">
     <span class='ocr_line' id='line_1_10' title="bbox 556 1825 2273 1913; baseline 0 -22"><span class='ocrx_word' id='word_1_95' title='bbox 556 1841 586 1891; x_wconf 86' lang='lat'>13</span> <span class='ocrx_word' id='word_1_96' title='bbox 604 1832 709 1888; x_wconf 82' lang='lat' dir='ltr'>halans</span> <span class='ocrx_word' id='word_1_97' title='bbox 739 1832 844 1889; x_wconf 82' lang='lat' dir='ltr'>Itsses</span> <span class='ocrx_word' id='word_1_98' title='bbox 870 1831 956 1887; x_wconf 74' lang='lat' dir='ltr'>iusta</span> <span class='ocrx_word' id='word_1_99' title='bbox 983 1849 1065 1887; x_wconf 70' lang='lat' dir='ltr'>snare</span> <span class='ocrx_word' id='word_1_100' title='bbox 1096 1828 1236 1887; x_wconf 67' lang='lat' dir='ltr'>Golileef‘</span> <span class='ocrx_word' id='word_1_101' title='bbox 1278 1825 1329 1890; x_wconf 92' lang='lat' dir='ltr'>lbi</span> <span class='ocrx_word' id='word_1_102' title='bbox 1356 1828 1470 1911; x_wconf 87' lang='lat' dir='ltr'>rogaui</span> <span class='ocrx_word' id='word_1_103' title='bbox 1500 1826 1678 1903; x_wconf 79' lang='lat' dir='ltr'>Christum,</span> <span class='ocrx_word' id='word_1_104' title='bbox 1712 1836 1746 1891; x_wconf 90' lang='lat' dir='ltr'>vt</span> <span class='ocrx_word' id='word_1_105' title='bbox 1774 1848 1824 1891; x_wconf 90' lang='lat' dir='ltr'>me</span> <span class='ocrx_word' id='word_1_106' title='bbox 1854 1827 1897 1893; x_wconf 88' lang='lat' dir='ltr'>ed</span> <span class='ocrx_word' id='word_1_107' title='bbox 1926 1850 2015 1891; x_wconf 88' lang='lat' dir='ltr'>snum</span> <span class='ocrx_word' id='word_1_108' title='bbox 2044 1825 2273 1913; x_wconf 89' lang='lat' dir='ltr'>discipulatum</span> 
     </span>
     <span class='ocr_line' id='line_1_11' title="bbox 610 1940 1343 2027; baseline -0.005 -21"><span class='ocrx_word' id='word_1_109' title='bbox 610 1952 741 2006; x_wconf 87' lang='lat' dir='ltr'>vocaret</span> <span class='ocrx_word' id='word_1_110' title='bbox 762 1954 793 2005; x_wconf 89' lang='lat' dir='ltr'>et</span> <span class='ocrx_word' id='word_1_111' title='bbox 813 1942 935 2005; x_wconf 88' lang='lat' dir='ltr'>faceret</span> <span class='ocrx_word' id='word_1_112' title='bbox 954 1942 1149 2027; x_wconf 79' lang='lat' dir='ltr'>piscatorem</span> <span class='ocrx_word' id='word_1_113' title='bbox 1169 1940 1343 2005; x_wconf 89' lang='lat' dir='ltr'>hominum.</span> 
     </span>
    </p>

    <p class='ocr_par' dir='ltr' id='par_1_10' title="bbox 558 2054 2276 2145">
     <span class='ocr_line' id='line_1_12' title="bbox 558 2054 2276 2145; baseline -0.001 -24"><span class='ocrx_word' id='word_1_114' title='bbox 558 2062 588 2113; x_wconf 74' lang='lat'>¹⁴</span> <span class='ocrx_word' id='word_1_115' title='bbox 730 2058 810 2122; x_wconf 86' lang='lat' dir='ltr'>inde</span> <span class='ocrx_word' id='word_1_116' title='bbox 831 2056 1036 2123; x_wconf 84' lang='lat' dir='ltr'>ascendimus</span> <span class='ocrx_word' id='word_1_117' title='bbox 1057 2058 1121 2120; x_wconf 90' lang='lat' dir='ltr'>tria</span> <span class='ocrx_word' id='word_1_118' title='bbox 1142 2056 1282 2121; x_wconf 87' lang='lat' dir='ltr'>miliaria</span> <span class='ocrx_word' id='word_1_119' title='bbox 1303 2054 1346 2119; x_wconf 90' lang='lat' dir='ltr'>ad</span> <span class='ocrx_word' id='word_1_120' title='bbox 1367 2066 1516 2134; x_wconf 91' lang='lat' dir='ltr'>montem,</span> <span class='ocrx_word' id='word_1_121' title='bbox 1539 2058 1594 2143; x_wconf 93' lang='lat' dir='ltr'>qui</span> <span class='ocrx_word' id='word_1_122' title='bbox 1617 2068 1664 2121; x_wconf 89' lang='lat' dir='ltr'>est</span> <span class='ocrx_word' id='word_1_123' title='bbox 1687 2080 1788 2145; x_wconf 87' lang='lat' dir='ltr'>snpra</span> <span class='ocrx_word' id='word_1_124' title='bbox 1809 2080 1898 2122; x_wconf 91' lang='lat' dir='ltr'>mere</span> <span class='ocrx_word' id='word_1_125' title='bbox 1921 2054 2062 2137; x_wconf 83' lang='lat' dir='ltr'>Gelilce,</span> <span class='ocrx_word' id='word_1_126' title='bbox 2085 2054 2139 2119; x_wconf 92' lang='lat' dir='ltr'>vbi</span> <span class='ocrx_word' id='word_1_127' title='bbox 2164 2056 2276 2120; x_wconf 88' lang='lat' dir='ltr'>Domi·</span> 
     </span>
    </p>

    <p class='ocr_par' dir='ltr' id='par_1_11' title="bbox 561 2170 2276 2259">
     <span class='ocr_line' id='line_1_13' title="bbox 561 2170 2276 2259; baseline -0.003 -21"><span class='ocrx_word' id='word_1_128' title='bbox 561 2196 589 2245; x_wconf 78' lang='grc' dir='ltr'>ιε</span> <span class='ocrx_word' id='word_1_129' title='bbox 606 2196 667 2237; x_wconf 89' lang='lat' dir='ltr'>nns</span> <span class='ocrx_word' id='word_1_130' title='bbox 699 2173 814 2237; x_wconf 89' lang='lat' dir='ltr'>sedens</span> <span class='ocrx_word' id='word_1_131' title='bbox 842 2194 1022 2237; x_wconf 89' lang='lat' dir='ltr'>sermonem</span> <span class='ocrx_word' id='word_1_132' title='bbox 1049 2171 1091 2235; x_wconf 89' lang='lat' dir='ltr'>ed</span> <span class='ocrx_word' id='word_1_133' title='bbox 1124 2170 1300 2255; x_wconf 86' lang='lat' dir='ltr'>discipulos</span> <span class='ocrx_word' id='word_1_134' title='bbox 1328 2172 1412 2234; x_wconf 85' lang='lat' dir='ltr'>l&#39;ecit</span> <span class='ocrx_word' id='word_1_135' title='bbox 1456 2172 1500 2237; x_wconf 87' lang='lat' dir='ltr'>Et</span> <span class='ocrx_word' id='word_1_136' title='bbox 1528 2174 1727 2238; x_wconf 76' lang='lat' dir='ltr'>centenimus</span> <span class='ocrx_word' id='word_1_137' title='bbox 1758 2171 1996 2259; x_wconf 73' lang='lat' dir='ltr'>euangeliumt)</span> <span class='ocrx_word' id='word_1_138' title='bbox 2016 2220 2031 2247; x_wconf 85' lang='lat'>‚,</span> <span class='ocrx_word' id='word_1_139' title='bbox 2042 2176 2149 2234; x_wconf 79' lang='lat' dir='ltr'>Videas</span> <span class='ocrx_word' id='word_1_140' title='bbox 2171 2176 2276 2233; x_wconf 82' lang='lat' dir='ltr'>Ihsses</span> 
     </span>
    </p>

    <p class='ocr_par' dir='ltr' id='par_1_12' title="bbox 560 2286 2275 2469">
     <span class='ocr_line' id='line_1_14' title="bbox 560 2286 2275 2381; baseline 0 -30"><span class='ocrx_word' id='word_1_141' title='bbox 560 2308 589 2358; x_wconf 77' lang='grc' dir='ltr'>ιε</span> <span class='ocrx_word' id='word_1_142' title='bbox 607 2293 712 2351; x_wconf 81' lang='lat' dir='ltr'>turbas</span> <span class='ocrx_word' id='word_1_143' title='bbox 729 2294 864 2381; x_wconf 70' lang='lat' dir='ltr'>ascendit</span> <span class='ocrx_word' id='word_1_144' title='bbox 885 2292 916 2349; x_wconf 85' lang='lat' dir='ltr'>ie</span> <span class='ocrx_word' id='word_1_145' title='bbox 935 2292 1084 2349; x_wconf 80' lang='lat' dir='ltr'>montem.“</span> <span class='ocrx_word' id='word_1_146' title='bbox 1127 2286 1178 2351; x_wconf 92' lang='lat' dir='ltr'>Ibi</span> <span class='ocrx_word' id='word_1_147' title='bbox 1200 2287 1314 2371; x_wconf 87' lang='lat' dir='ltr'>rogaui</span> <span class='ocrx_word' id='word_1_148' title='bbox 1337 2286 1529 2369; x_wconf 89' lang='lat' dir='ltr'>Dominum,</span> <span class='ocrx_word' id='word_1_149' title='bbox 1560 2288 1646 2376; x_wconf 89' lang='lat' dir='ltr'>quod</span> <span class='ocrx_word' id='word_1_150' title='bbox 1676 2310 1727 2351; x_wconf 89' lang='lat' dir='ltr'>me</span> <span class='ocrx_word' id='word_1_151' title='bbox 1748 2286 1890 2353; x_wconf 89' lang='lat' dir='ltr'>totaliter</span> <span class='ocrx_word' id='word_1_152' title='bbox 1912 2310 1932 2351; x_wconf 90' lang='lat' dir='ltr'>e</span> <span class='ocrx_word' id='word_1_153' title='bbox 1954 2286 2116 2353; x_wconf 89' lang='lat' dir='ltr'>desiderio</span> <span class='ocrx_word' id='word_1_154' title='bbox 2135 2298 2275 2351; x_wconf 90' lang='lat' dir='ltr'>terreno·</span> 
     </span>
     <span class='ocr_line' id='line_1_15' title="bbox 607 2402 1528 2469; baseline -0.002 0"><span class='ocrx_word' id='word_1_155' title='bbox 607 2428 677 2469; x_wconf 91' lang='lat' dir='ltr'>rum</span> <span class='ocrx_word' id='word_1_156' title='bbox 698 2404 823 2469; x_wconf 86' lang='lat' dir='ltr'>leuaret</span> <span class='ocrx_word' id='word_1_157' title='bbox 844 2415 875 2467; x_wconf 88' lang='lat' dir='ltr'>et</span> <span class='ocrx_word' id='word_1_158' title='bbox 894 2413 1033 2467; x_wconf 87' lang='lat' dir='ltr'>mentem</span> <span class='ocrx_word' id='word_1_159' title='bbox 1055 2425 1159 2467; x_wconf 90' lang='lat' dir='ltr'>meam</span> <span class='ocrx_word' id='word_1_160' title='bbox 1181 2403 1223 2466; x_wconf 94' lang='lat' dir='ltr'>ad</span> <span class='ocrx_word' id='word_1_161' title='bbox 1244 2402 1376 2466; x_wconf 88' lang='lat' dir='ltr'>celestia</span> <span class='ocrx_word' id='word_1_162' title='bbox 1396 2403 1528 2467; x_wconf 88' lang='lat' dir='ltr'>leuaret.</span> 
     </span>
    </p>

    <p class='ocr_par' dir='ltr' id='par_1_13' title="bbox 559 2516 2276 2603">
     <span class='ocr_line' id='line_1_16' title="bbox 559 2516 2276 2603; baseline -0.003 -18"><span class='ocrx_word' id='word_1_163' title='bbox 559 2524 589 2574; x_wconf 79' lang='lat'>1⁷</span> <span class='ocrx_word' id='word_1_164' title='bbox 731 2520 811 2585; x_wconf 80' lang='lat' dir='ltr'>inde</span> <span class='ocrx_word' id='word_1_165' title='bbox 834 2518 1038 2583; x_wconf 89' lang='lat' dir='ltr'>escendimus</span> <span class='ocrx_word' id='word_1_166' title='bbox 1066 2516 1112 2581; x_wconf 92' lang='lat' dir='ltr'>ibi</span> <span class='ocrx_word' id='word_1_167' title='bbox 1133 2540 1235 2603; x_wconf 87' lang='lat' dir='ltr'>prope</span> <span class='ocrx_word' id='word_1_168' title='bbox 1257 2518 1300 2581; x_wconf 93' lang='lat' dir='ltr'>ad</span> <span class='ocrx_word' id='word_1_169' title='bbox 1320 2530 1476 2601; x_wconf 89' lang='lat' dir='ltr'>montem,</span> <span class='ocrx_word' id='word_1_170' title='bbox 1503 2518 1558 2582; x_wconf 88' lang='lat' dir='ltr'>vbi</span> <span class='ocrx_word' id='word_1_171' title='bbox 1579 2518 1739 2585; x_wconf 87' lang='lat' dir='ltr'>Dominus</span> <span class='ocrx_word' id='word_1_172' title='bbox 1769 2520 1846 2584; x_wconf 91' lang='lat' dir='ltr'>fecit</span> <span class='ocrx_word' id='word_1_173' title='bbox 1868 2520 2052 2583; x_wconf 90' lang='lat' dir='ltr'>conuiuium</span> <span class='ocrx_word' id='word_1_174' title='bbox 2073 2517 2113 2583; x_wconf 91' lang='lat' dir='ltr'>de</span> <span class='ocrx_word' id='word_1_175' title='bbox 2135 2518 2276 2603; x_wconf 89' lang='lat' dir='ltr'>quinque</span> 
     </span>
    </p>

    <p class='ocr_par' dir='ltr' id='par_1_14' title="bbox 559 2634 2279 2935">
     <span class='ocr_line' id='line_1_17' title="bbox 559 2634 2274 2723; baseline -0.003 -23"><span class='ocrx_word' id='word_1_176' title='bbox 559 2658 589 2708; x_wconf 82' lang='lat' dir='ltr'>ts</span> <span class='ocrx_word' id='word_1_177' title='bbox 608 2636 747 2723; x_wconf 90' lang='lat' dir='ltr'>panibus</span> <span class='ocrx_word' id='word_1_178' title='bbox 769 2636 945 2700; x_wconf 88' lang='lat' dir='ltr'>ordeaccis.</span> <span class='ocrx_word' id='word_1_179' title='bbox 987 2634 1030 2697; x_wconf 86' lang='lat' dir='ltr'>Et</span> <span class='ocrx_word' id='word_1_180' title='bbox 1052 2635 1252 2698; x_wconf 77' lang='lat' dir='ltr'>centenimus</span> <span class='ocrx_word' id='word_1_181' title='bbox 1282 2634 1485 2719; x_wconf 87' lang='lat' dir='ltr'>euangelium</span> <span class='ocrx_word' id='word_1_182' title='bbox 1507 2646 1538 2698; x_wconf 91' lang='lat' dir='ltr'>et</span> <span class='ocrx_word' id='word_1_183' title='bbox 1560 2634 1814 2721; x_wconf 88' lang='lat' dir='ltr'>predicauimus,</span> <span class='ocrx_word' id='word_1_184' title='bbox 1845 2646 1875 2698; x_wconf 91' lang='lat' dir='ltr'>et</span> <span class='ocrx_word' id='word_1_185' title='bbox 1907 2646 2022 2721; x_wconf 88' lang='lat' dir='ltr'>postea</span> <span class='ocrx_word' id='word_1_186' title='bbox 2044 2634 2194 2697; x_wconf 83' lang='lat' dir='ltr'>sedentes</span> <span class='ocrx_word' id='word_1_187' title='bbox 2217 2654 2274 2718; x_wconf 89' lang='lat' dir='ltr'>per</span> 
     </span>
     <span class='ocr_line' id='line_1_18' title="bbox 607 2749 2279 2838; baseline -0.004 -20"><span class='ocrx_word' id='word_1_188' title='bbox 607 2752 755 2819; x_wconf 87' lang='lat' dir='ltr'>ordinem</span> <span class='ocrx_word' id='word_1_189' title='bbox 778 2775 876 2838; x_wconf 87' lang='lat' dir='ltr'>snper</span> <span class='ocrx_word' id='word_1_190' title='bbox 897 2750 1030 2815; x_wconf 89' lang='lat' dir='ltr'>herbam</span> <span class='ocrx_word' id='word_1_191' title='bbox 1053 2760 1084 2813; x_wconf 87' lang='lat' dir='ltr'>ct</span> <span class='ocrx_word' id='word_1_192' title='bbox 1105 2750 1212 2813; x_wconf 88' lang='lat' dir='ltr'>fenum</span> <span class='ocrx_word' id='word_1_193' title='bbox 1232 2751 1388 2835; x_wconf 84' lang='lat' dir='ltr'>fregimus</span> <span class='ocrx_word' id='word_1_194' title='bbox 1411 2772 1525 2836; x_wconf 90' lang='lat' dir='ltr'>panem</span> <span class='ocrx_word' id='word_1_195' title='bbox 1552 2760 1582 2815; x_wconf 90' lang='lat' dir='ltr'>et</span> <span class='ocrx_word' id='word_1_196' title='bbox 1604 2750 1870 2815; x_wconf 86' lang='lat' dir='ltr'>manducauimus</span> <span class='ocrx_word' id='word_1_197' title='bbox 1892 2771 2001 2814; x_wconf 90' lang='lat' dir='ltr'>omnes</span> <span class='ocrx_word' id='word_1_198' title='bbox 2024 2773 2096 2813; x_wconf 90' lang='lat' dir='ltr'>cum</span> <span class='ocrx_word' id='word_1_199' title='bbox 2117 2749 2226 2815; x_wconf 84' lang='lat' dir='ltr'>leticie</span> <span class='ocrx_word' id='word_1_200' title='bbox 2247 2758 2279 2813; x_wconf 91' lang='lat' dir='ltr'>et</span> 
     </span>
     <span class='ocr_line' id='line_1_19' title="bbox 607 2870 757 2935; baseline -0.02 0"><span class='ocrx_word' id='word_1_201' title='bbox 607 2870 757 2935; x_wconf 81' lang='lat' dir='ltr'>lacrimis.</span> 
     </span>
    </p>

    <p class='ocr_par' dir='ltr' id='par_1_15' title="bbox 560 2980 2131 3069">
     <span class='ocr_line' id='line_1_20' title="bbox 560 2980 2131 3069; baseline -0.003 -21"><span class='ocrx_word' id='word_1_202' title='bbox 560 3007 589 3055; x_wconf 83' lang='lat'>19</span> <span class='ocrx_word' id='word_1_203' title='bbox 730 2982 781 3047; x_wconf 92' lang='lat' dir='ltr'>Ibi</span> <span class='ocrx_word' id='word_1_204' title='bbox 804 3004 906 3069; x_wconf 90' lang='lat' dir='ltr'>propo</span> <span class='ocrx_word' id='word_1_205' title='bbox 928 2990 1065 3067; x_wconf 86' lang='lat' dir='ltr'>quatuor</span> <span class='ocrx_word' id='word_1_206' title='bbox 1087 2980 1229 3045; x_wconf 82' lang='lat' dir='ltr'>miliaria</span> <span class='ocrx_word' id='word_1_207' title='bbox 1250 2993 1299 3045; x_wconf 90' lang='lat' dir='ltr'>est</span> <span class='ocrx_word' id='word_1_208' title='bbox 1319 2984 1460 3046; x_wconf 87' lang='lat' dir='ltr'>cisterna</span> <span class='ocrx_word' id='word_1_209' title='bbox 1484 2992 1585 3063; x_wconf 89' lang='lat' dir='ltr'>vetus,</span> <span class='ocrx_word' id='word_1_210' title='bbox 1608 2982 1641 3046; x_wconf 91' lang='lat' dir='ltr'>in</span> <span class='ocrx_word' id='word_1_211' title='bbox 1663 3004 1757 3067; x_wconf 87' lang='lat' dir='ltr'>qnam</span> <span class='ocrx_word' id='word_1_212' title='bbox 1781 2981 1984 3065; x_wconf 89' lang='lat' dir='ltr'>proiecerunt</span> <span class='ocrx_word' id='word_1_213' title='bbox 2005 2980 2131 3067; x_wconf 87' lang='lat' dir='ltr'>loseph.</span> 
     </span>
    </p>

    <p class='ocr_par' dir='ltr' id='par_1_16' title="bbox 558 3096 1812 3183">
     <span class='ocr_line' id='line_1_21' title="bbox 558 3096 1812 3183; baseline 0.004 -27"><span class='ocrx_word' id='word_1_214' title='bbox 558 3104 590 3156; x_wconf 79' lang='lat'>²0</span> <span class='ocrx_word' id='word_1_215' title='bbox 733 3100 783 3165; x_wconf 95' lang='lat' dir='ltr'>Ibi</span> <span class='ocrx_word' id='word_1_216' title='bbox 805 3100 906 3162; x_wconf 90' lang='lat' dir='ltr'>eciem</span> <span class='ocrx_word' id='word_1_217' title='bbox 929 3116 1033 3183; x_wconf 88' lang='lat' dir='ltr'>prope</span> <span class='ocrx_word' id='word_1_218' title='bbox 1053 3106 1102 3159; x_wconf 88' lang='lat' dir='ltr'>est</span> <span class='ocrx_word' id='word_1_219' title='bbox 1123 3105 1264 3160; x_wconf 89' lang='lat' dir='ltr'>cestrum</span> <span class='ocrx_word' id='word_1_220' title='bbox 1286 3102 1409 3179; x_wconf 81' lang='lat' dir='ltr'>Sophet,</span> <span class='ocrx_word' id='word_1_221' title='bbox 1432 3096 1533 3162; x_wconf 76' lang='lat' dir='ltr'>clatus</span> <span class='ocrx_word' id='word_1_222' title='bbox 1554 3098 1656 3162; x_wconf 91' lang='lat' dir='ltr'>tocius</span> <span class='ocrx_word' id='word_1_223' title='bbox 1680 3096 1812 3161; x_wconf 86' lang='lat' dir='ltr'>Galilee.</span> 
     </span>
    </p>

    <p class='ocr_par' dir='ltr' id='par_1_17' title="bbox 557 3210 2274 3298">
     <span class='ocr_line' id='line_1_22' title="bbox 557 3210 2274 3298; baseline -0.005 -15"><span class='ocrx_word' id='word_1_224' title='bbox 557 3233 587 3283; x_wconf 81' lang='lat' dir='ltr'>tt</span> <span class='ocrx_word' id='word_1_225' title='bbox 729 3214 810 3280; x_wconf 86' lang='lat' dir='ltr'>inde</span> <span class='ocrx_word' id='word_1_226' title='bbox 832 3211 1057 3276; x_wconf 88' lang='lat' dir='ltr'>descendimus</span> <span class='ocrx_word' id='word_1_227' title='bbox 1080 3212 1114 3274; x_wconf 93' lang='lat' dir='ltr'>in</span> <span class='ocrx_word' id='word_1_228' title='bbox 1140 3214 1355 3291; x_wconf 79' lang='lat' dir='ltr'>Capharnaum</span> <span class='ocrx_word' id='word_1_229' title='bbox 1377 3224 1409 3277; x_wconf 91' lang='lat' dir='ltr'>et</span> <span class='ocrx_word' id='word_1_230' title='bbox 1429 3216 1576 3277; x_wconf 88' lang='lat' dir='ltr'>venimus</span> <span class='ocrx_word' id='word_1_231' title='bbox 1599 3212 1640 3277; x_wconf 89' lang='lat' dir='ltr'>ed</span> <span class='ocrx_word' id='word_1_232' title='bbox 1663 3212 1777 3295; x_wconf 89' lang='lat' dir='ltr'>locum,</span> <span class='ocrx_word' id='word_1_233' title='bbox 1799 3213 1854 3276; x_wconf 89' lang='lat' dir='ltr'>vbi</span> <span class='ocrx_word' id='word_1_234' title='bbox 1878 3211 2041 3298; x_wconf 88' lang='lat' dir='ltr'>leprosum</span> <span class='ocrx_word' id='word_1_235' title='bbox 2061 3210 2188 3275; x_wconf 85' lang='lat' dir='ltr'>curauit</span> <span class='ocrx_word' id='word_1_236' title='bbox 2208 3210 2274 3275; x_wconf 92' lang='lat' dir='ltr'>Do·</span> 
     </span>
    </p>

    <p class='ocr_par' dir='ltr' id='par_1_18' title="bbox 557 3324 2277 3414">
     <span class='ocr_line' id='line_1_23' title="bbox 557 3324 2277 3414; baseline -0.003 -19"><span class='ocrx_word' id='word_1_237' title='bbox 557 3354 589 3403; x_wconf 69' lang='grc' dir='ltr'><em>ῃ</em></span> <span class='ocrx_word' id='word_1_238' title='bbox 607 3334 764 3411; x_wconf 73' lang='grc' dir='ltr'>ωἰειιε”),</span> <span class='ocrx_word' id='word_1_239' title='bbox 791 3340 823 3393; x_wconf 89' lang='grc' dir='ltr'>θῖ</span> <span class='ocrx_word' id='word_1_240' title='bbox 844 3337 957 3414; x_wconf 88' lang='lat' dir='ltr'>postea</span> <span class='ocrx_word' id='word_1_241' title='bbox 980 3324 1022 3389; x_wconf 89' lang='lat' dir='ltr'>ed</span> <span class='ocrx_word' id='word_1_242' title='bbox 1043 3326 1163 3409; x_wconf 88' lang='lat' dir='ltr'>locum,</span> <span class='ocrx_word' id='word_1_243' title='bbox 1190 3326 1247 3391; x_wconf 85' lang='lat' dir='ltr'>vbi</span> <span class='ocrx_word' id='word_1_244' title='bbox 1268 3326 1383 3392; x_wconf 88' lang='lat' dir='ltr'>beatus</span> <span class='ocrx_word' id='word_1_245' title='bbox 1403 3327 1553 3393; x_wconf 89' lang='lat' dir='ltr'>Methens</span> <span class='ocrx_word' id='word_1_246' title='bbox 1575 3327 1618 3392; x_wconf 88' lang='lat' dir='ltr'>ed</span> <span class='ocrx_word' id='word_1_247' title='bbox 1640 3328 1840 3393; x_wconf 89' lang='lat' dir='ltr'>theoloneum</span> <span class='ocrx_word' id='word_1_248' title='bbox 1862 3328 1988 3413; x_wconf 89' lang='lat' dir='ltr'>accepit</span> <span class='ocrx_word' id='word_1_249' title='bbox 2007 3326 2191 3412; x_wconf 83' lang='lat' dir='ltr'>vectigalia.</span> <span class='ocrx_word' id='word_1_250' title='bbox 2233 3325 2277 3391; x_wconf 85' lang='lat' dir='ltr'>Et</span> 
     </span>
    </p>
   </div>
   <div class='ocr_carea' id='block_1_3' title="bbox 609 3441 1761 3529">
    <p class='ocr_par' dir='ltr' id='par_1_19' title="bbox 609 3441 1761 3529">
     <span class='ocr_line' id='line_1_24' title="bbox 609 3441 1761 3529; baseline -0.005 -16"><span class='ocrx_word' id='word_1_251' title='bbox 609 3448 812 3513; x_wconf 88' lang='lat' dir='ltr'>centenimus</span> <span class='ocrx_word' id='word_1_252' title='bbox 834 3454 867 3507; x_wconf 87' lang='lat' dir='ltr'>et</span> <span class='ocrx_word' id='word_1_253' title='bbox 887 3441 1127 3529; x_wconf 89' lang='lat' dir='ltr'>predicanimns</span> <span class='ocrx_word' id='word_1_254' title='bbox 1148 3442 1350 3529; x_wconf 87' lang='lat' dir='ltr'>euangelium</span> <span class='ocrx_word' id='word_1_255' title='bbox 1374 3442 1413 3506; x_wconf 91' lang='lat' dir='ltr'>dc</span> <span class='ocrx_word' id='word_1_256' title='bbox 1435 3444 1609 3508; x_wconf 80' lang='lat' dir='ltr'>vocacione</span> <span class='ocrx_word' id='word_1_257' title='bbox 1630 3444 1761 3509; x_wconf 86' lang='lat' dir='ltr'>Metbei.</span> 
     </span>
    </p>
   </div>
   <div class='ocr_carea' id='block_1_4' title="bbox 557 3557 590 3607">
    <p class='ocr_par' dir='ltr' id='par_1_20' title="bbox 557 3557 590 3607">
     <span class='ocr_line' id='line_1_25' title="bbox 557 3557 590 3607; baseline 0 0"><span class='ocrx_word' id='word_1_258' title='bbox 557 3557 590 3607; x_wconf 77' lang='lat'>2³</span> 
     </span>
    </p>
   </div>
   <div class='ocr_carea' id='block_1_5' title="bbox 557 3572 2277 3676">
    <p class='ocr_par' dir='ltr' id='par_1_21' title="bbox 557 3572 2277 3676">
     <span class='ocr_line' id='line_1_26' title="bbox 557 3572 2277 3676; baseline -0.002 -35"><span class='ocrx_word' id='word_1_259' title='bbox 557 3624 589 3676; x_wconf 68' lang='lat'>,4</span> <span class='ocrx_word' id='word_1_260' title='bbox 730 3576 812 3641; x_wconf 81' lang='lat' dir='ltr'>[nde</span> <span class='ocrx_word' id='word_1_261' title='bbox 831 3576 1011 3658; x_wconf 88' lang='lat' dir='ltr'>regirantes</span> <span class='ocrx_word' id='word_1_262' title='bbox 1034 3575 1126 3637; x_wconf 89' lang='lat' dir='ltr'>iuxta</span> <span class='ocrx_word' id='word_1_263' title='bbox 1146 3596 1237 3638; x_wconf 89' lang='lat' dir='ltr'>mare</span> <span class='ocrx_word' id='word_1_264' title='bbox 1258 3573 1382 3639; x_wconf 84' lang='lat' dir='ltr'>Gelilee</span> <span class='ocrx_word' id='word_1_265' title='bbox 1404 3576 1550 3639; x_wconf 86' lang='lat' dir='ltr'>venimus</span> <span class='ocrx_word' id='word_1_266' title='bbox 1572 3575 1614 3640; x_wconf 91' lang='lat' dir='ltr'>ed</span> <span class='ocrx_word' id='word_1_267' title='bbox 1636 3582 1726 3637; x_wconf 82' lang='lat' dir='ltr'>locam</span> <span class='ocrx_word' id='word_1_268' title='bbox 1750 3580 1855 3651; x_wconf 81' lang='lat' dir='ltr'>tabule,</span> <span class='ocrx_word' id='word_1_269' title='bbox 1877 3572 1940 3638; x_wconf 91' lang='lat' dir='ltr'>duo</span> <span class='ocrx_word' id='word_1_270' title='bbox 1962 3574 2109 3640; x_wconf 89' lang='lat' dir='ltr'>miliaria.</span> <span class='ocrx_word' id='word_1_271' title='bbox 2143 3574 2215 3654; x_wconf 81' lang='lat' dir='ltr'>Qec</span> <span class='ocrx_word' id='word_1_272' title='bbox 2230 3584 2277 3639; x_wconf 90' lang='grc' dir='ltr'>θεῖ</span> 
     </span>
    </p>
   </div>
   <div class='ocr_carea' id='block_1_6' title="bbox 607 3688 2276 3778">
    <p class='ocr_par' dir='ltr' id='par_1_22' title="bbox 607 3688 2276 3778">
     <span class='ocr_line' id='line_1_27' title="bbox 607 3688 2276 3778; baseline -0.004 -18"><span class='ocrx_word' id='word_1_273' title='bbox 607 3699 700 3760; x_wconf 86' lang='lat' dir='ltr'>iuxta</span> <span class='ocrx_word' id='word_1_274' title='bbox 720 3694 951 3778; x_wconf 80' lang='lat' dir='ltr'>Capharneum</span> <span class='ocrx_word' id='word_1_275' title='bbox 980 3699 1012 3753; x_wconf 87' lang='lat' dir='ltr'>et</span> <span class='ocrx_word' id='word_1_276' title='bbox 1032 3688 1242 3753; x_wconf 88' lang='lat' dir='ltr'>Bethsaidam</span> <span class='ocrx_word' id='word_1_277' title='bbox 1270 3692 1304 3753; x_wconf 93' lang='lat' dir='ltr'>in</span> <span class='ocrx_word' id='word_1_278' title='bbox 1332 3688 1418 3763; x_wconf 84' lang='lat' dir='ltr'>loco,</span> <span class='ocrx_word' id='word_1_279' title='bbox 1447 3689 1501 3754; x_wconf 92' lang='lat' dir='ltr'>vbi</span> <span class='ocrx_word' id='word_1_280' title='bbox 1525 3691 1684 3755; x_wconf 86' lang='lat' dir='ltr'>Dominus</span> <span class='ocrx_word' id='word_1_281' title='bbox 1711 3706 1784 3777; x_wconf 90' lang='lat' dir='ltr'>post</span> <span class='ocrx_word' id='word_1_282' title='bbox 1809 3692 2074 3755; x_wconf 87' lang='lat' dir='ltr'>resurrectionem</span> <span class='ocrx_word' id='word_1_283' title='bbox 2106 3712 2200 3754; x_wconf 89' lang='lat' dir='ltr'>suem</span> <span class='ocrx_word' id='word_1_284' title='bbox 2222 3713 2276 3776; x_wconf 92' lang='lat' dir='ltr'>ep·</span> 
     </span>
    </p>
   </div>
   <div class='ocr_carea' id='block_1_7' title="bbox 559 3792 2277 3897">
    <p class='ocr_par' dir='ltr' id='par_1_23' title="bbox 559 3792 2277 3897">
     <span class='ocr_line' id='line_1_28' title="bbox 559 3792 2277 3897; baseline -0.002 -23"><span class='ocrx_word' id='word_1_285' title='bbox 559 3811 716 3897; x_wconf 75' lang='lat' dir='ltr'>aspernit</span> <span class='ocrx_word' id='word_1_286' title='bbox 735 3806 919 3892; x_wconf 85' lang='lat' dir='ltr'>discipulis,</span> <span class='ocrx_word' id='word_1_287' title='bbox 943 3817 1035 3868; x_wconf 86' lang='lat' dir='ltr'>stans</span> <span class='ocrx_word' id='word_1_288' title='bbox 1056 3807 1089 3868; x_wconf 90' lang='lat' dir='ltr'>in</span> <span class='ocrx_word' id='word_1_289' title='bbox 1109 3804 1222 3887; x_wconf 87' lang='lat' dir='ltr'>litore,</span> <span class='ocrx_word' id='word_1_290' title='bbox 1253 3818 1285 3869; x_wconf 89' lang='lat' dir='ltr'>ct</span> <span class='ocrx_word' id='word_1_291' title='bbox 1306 3806 1434 3869; x_wconf 82' lang='lat' dir='ltr'>uocauit</span> <span class='ocrx_word' id='word_1_292' title='bbox 1457 3804 1496 3869; x_wconf 88' lang='lat' dir='ltr'>de</span> <span class='ocrx_word' id='word_1_293' title='bbox 1518 3808 1616 3887; x_wconf 76' lang='lat' dir='ltr'>trieri,</span> <span class='ocrx_word' id='word_1_294' title='bbox 1647 3818 1678 3869; x_wconf 81' lang='lat' dir='ltr'>et</span> <span class='ocrx_word' id='word_1_295' title='bbox 1700 3808 1850 3870; x_wconf 87' lang='lat' dir='ltr'>inuitauit</span> <span class='ocrx_word' id='word_1_296' title='bbox 1869 3830 1923 3869; x_wconf 90' lang='lat' dir='ltr'>eos</span> <span class='ocrx_word' id='word_1_297' title='bbox 1948 3804 1988 3869; x_wconf 88' lang='lat' dir='ltr'>ed</span> <span class='ocrx_word' id='word_1_298' title='bbox 2013 3792 2194 3893; x_wconf 85' lang='lat' dir='ltr'>prandium.</span> <span class='ocrx_word' id='word_1_299' title='bbox 2235 3806 2277 3870; x_wconf 87' lang='grc' dir='ltr'>Εῖ</span> 
     </span>
    </p>
   </div>
   <div class='ocr_carea' id='block_1_8' title="bbox 607 3918 2276 4126">
    <p class='ocr_par' dir='ltr' id='par_1_24' title="bbox 607 3918 2276 4126">
     <span class='ocr_line' id='line_1_29' title="bbox 608 3918 2276 4007; baseline -0.001 -18"><span class='ocrx_word' id='word_1_300' title='bbox 608 3924 809 3989; x_wconf 87' lang='lat' dir='ltr'>centenimus</span> <span class='ocrx_word' id='word_1_301' title='bbox 839 3934 870 3984; x_wconf 90' lang='lat' dir='ltr'>et</span> <span class='ocrx_word' id='word_1_302' title='bbox 897 3920 1137 4006; x_wconf 88' lang='lat' dir='ltr'>predicanimus</span> <span class='ocrx_word' id='word_1_303' title='bbox 1164 3921 1384 4007; x_wconf 86' lang='lat' dir='ltr'>euangelium,</span> <span class='ocrx_word' id='word_1_304' title='bbox 1414 3934 1445 3985; x_wconf 89' lang='lat' dir='ltr'>et</span> <span class='ocrx_word' id='word_1_305' title='bbox 1474 3923 1741 3987; x_wconf 87' lang='lat' dir='ltr'>manducauimus</span> <span class='ocrx_word' id='word_1_306' title='bbox 1763 3944 1873 3987; x_wconf 90' lang='lat' dir='ltr'>omnes</span> <span class='ocrx_word' id='word_1_307' title='bbox 1897 3918 1951 3984; x_wconf 90' lang='lat' dir='ltr'>vbi</span> <span class='ocrx_word' id='word_1_308' title='bbox 1974 3920 2184 3985; x_wconf 84' lang='lat' dir='ltr'>manducauit</span> <span class='ocrx_word' id='word_1_309' title='bbox 2206 3944 2276 3987; x_wconf 90' lang='lat' dir='ltr'>cum</span> 
     </span>
     <span class='ocr_line' id='line_1_30' title="bbox 607 4036 997 4126; baseline -0.018 -21"><span class='ocrx_word' id='word_1_310' title='bbox 607 4043 654 4105; x_wconf 87' lang='lat' dir='ltr'>cis</span> <span class='ocrx_word' id='word_1_311' title='bbox 674 4060 790 4126; x_wconf 88' lang='lat' dir='ltr'>penem</span> <span class='ocrx_word' id='word_1_312' title='bbox 812 4046 844 4100; x_wconf 91' lang='grc' dir='ltr'>θῖ</span> <span class='ocrx_word' id='word_1_313' title='bbox 865 4036 997 4121; x_wconf 92' lang='lat' dir='ltr'>piscem.</span> 
     </span>
    </p>
   </div>
   <div class='ocr_carea' id='block_1_9' title="bbox 557 4166 2278 4486">
    <p class='ocr_par' dir='ltr' id='par_1_25' title="bbox 557 4166 2278 4486">
     <span class='ocr_line' id='line_1_31' title="bbox 558 4166 2277 4253; baseline 0 -19"><span class='ocrx_word' id='word_1_314' title='bbox 558 4174 591 4223; x_wconf 81' lang='lat'>26</span> <span class='ocrx_word' id='word_1_315' title='bbox 689 4170 769 4234; x_wconf 94' lang='lat' dir='ltr'>Inde</span> <span class='ocrx_word' id='word_1_316' title='bbox 790 4168 971 4253; x_wconf 87' lang='lat' dir='ltr'>regirantes</span> <span class='ocrx_word' id='word_1_317' title='bbox 993 4190 1051 4231; x_wconf 87' lang='lat' dir='ltr'>sex</span> <span class='ocrx_word' id='word_1_318' title='bbox 1074 4166 1213 4231; x_wconf 86' lang='lat' dir='ltr'>miliaria</span> <span class='ocrx_word' id='word_1_319' title='bbox 1234 4171 1326 4233; x_wconf 84' lang='lat' dir='ltr'>iuxta</span> <span class='ocrx_word' id='word_1_320' title='bbox 1349 4192 1437 4233; x_wconf 90' lang='lat' dir='ltr'>mare</span> <span class='ocrx_word' id='word_1_321' title='bbox 1462 4168 1586 4233; x_wconf 86' lang='lat' dir='ltr'>Galilee</span> <span class='ocrx_word' id='word_1_322' title='bbox 1609 4192 1721 4233; x_wconf 86' lang='lat' dir='ltr'>versus</span> <span class='ocrx_word' id='word_1_323' title='bbox 1742 4170 1953 4235; x_wconf 76' lang='lat' dir='ltr'>Bethsaidam</span> <span class='ocrx_word' id='word_1_324' title='bbox 1973 4182 2004 4233; x_wconf 89' lang='lat' dir='ltr'>et</span> <span class='ocrx_word' id='word_1_325' title='bbox 2023 4169 2225 4234; x_wconf 82' lang='lat' dir='ltr'>Genesareth</span> <span class='ocrx_word' id='word_1_326' title='bbox 2240 4173 2277 4245; x_wconf 83' lang='lat'>¹⁰)</span> 
     </span>
     <span class='ocr_line' id='line_1_32' title="bbox 557 4282 2277 4371; baseline 0.002 -25"><span class='ocrx_word' id='word_1_327' title='bbox 557 4297 589 4346; x_wconf 79' lang='lat' dir='ltr'>at</span> <span class='ocrx_word' id='word_1_328' title='bbox 608 4288 753 4351; x_wconf 91' lang='lat' dir='ltr'>venimus</span> <span class='ocrx_word' id='word_1_329' title='bbox 782 4283 823 4348; x_wconf 87' lang='lat' dir='ltr'>ad</span> <span class='ocrx_word' id='word_1_330' title='bbox 850 4291 1040 4364; x_wconf 58' lang='lat' dir='ltr'>inspectam,</span> <span class='ocrx_word' id='word_1_331' title='bbox 1075 4282 1241 4347; x_wconf 86' lang='lat' dir='ltr'>castollum</span> <span class='ocrx_word' id='word_1_332' title='bbox 1267 4283 1372 4348; x_wconf 85' lang='lat' dir='ltr'>Mario</span> <span class='ocrx_word' id='word_1_333' title='bbox 1399 4284 1610 4371; x_wconf 88' lang='lat' dir='ltr'>Magdelcnc,</span> <span class='ocrx_word' id='word_1_334' title='bbox 1652 4286 1744 4349; x_wconf 84' lang='lat' dir='ltr'>iuxta</span> <span class='ocrx_word' id='word_1_335' title='bbox 1777 4296 1926 4369; x_wconf 83' lang='lat' dir='ltr'>stagnum</span> <span class='ocrx_word' id='word_1_336' title='bbox 1953 4284 2164 4349; x_wconf 86' lang='lat' dir='ltr'>Genesereth.</span> <span class='ocrx_word' id='word_1_337' title='bbox 2215 4284 2277 4350; x_wconf 88' lang='lat' dir='ltr'>Vbi</span> 
     </span>
     <span class='ocr_line' id='line_1_33' title="bbox 607 4397 2278 4486; baseline -0.001 -20"><span class='ocrx_word' id='word_1_338' title='bbox 607 4403 720 4466; x_wconf 88' lang='lat' dir='ltr'>flentes</span> <span class='ocrx_word' id='word_1_339' title='bbox 750 4411 782 4463; x_wconf 90' lang='lat' dir='ltr'>et</span> <span class='ocrx_word' id='word_1_340' title='bbox 799 4397 955 4463; x_wconf 88' lang='lat' dir='ltr'>eiulantes</span> <span class='ocrx_word' id='word_1_341' title='bbox 976 4422 1036 4485; x_wconf 92' lang='lat' dir='ltr'>pro</span> <span class='ocrx_word' id='word_1_342' title='bbox 1059 4421 1112 4480; x_wconf 89' lang='lat' dir='ltr'>eo,</span> <span class='ocrx_word' id='word_1_343' title='bbox 1143 4398 1231 4486; x_wconf 90' lang='lat' dir='ltr'>qnod</span> <span class='ocrx_word' id='word_1_344' title='bbox 1252 4400 1433 4465; x_wconf 89' lang='lat' dir='ltr'>inuenimns</span> <span class='ocrx_word' id='word_1_345' title='bbox 1453 4400 1623 4465; x_wconf 89' lang='lat' dir='ltr'>ecclesiam</span> <span class='ocrx_word' id='word_1_346' title='bbox 1647 4398 1814 4486; x_wconf 88' lang='lat' dir='ltr'>pulchram</span> <span class='ocrx_word' id='word_1_347' title='bbox 1837 4412 1868 4463; x_wconf 88' lang='lat' dir='ltr'>et</span> <span class='ocrx_word' id='word_1_348' title='bbox 1889 4423 1952 4465; x_wconf 91' lang='lat' dir='ltr'>non</span> <span class='ocrx_word' id='word_1_349' title='bbox 1975 4398 2189 4483; x_wconf 89' lang='lat' dir='ltr'>destructam,</span> <span class='ocrx_word' id='word_1_350' title='bbox 2222 4400 2278 4467; x_wconf 88' lang='lat' dir='ltr'>sed</span> 
     </span>
    </p>
   </div>
   <div class='ocr_carea' id='block_1_10' title="bbox 608 4514 2019 4602">
    <p class='ocr_par' dir='ltr' id='par_1_26' title="bbox 608 4514 2019 4602">
     <span class='ocr_line' id='line_1_34' title="bbox 608 4514 2019 4602; baseline -0.001 -20"><span class='ocrx_word' id='word_1_351' title='bbox 608 4516 785 4582; x_wconf 85' lang='lat' dir='ltr'>tabulatam</span> <span class='ocrx_word' id='word_1_352' title='bbox 801 4515 855 4595; x_wconf 76' lang='lat'>¹¹),</span> <span class='ocrx_word' id='word_1_353' title='bbox 878 4516 960 4591; x_wconf 81' lang='lat' dir='ltr'>et¹²)</span> <span class='ocrx_word' id='word_1_354' title='bbox 981 4514 1028 4579; x_wconf 91' lang='lat' dir='ltr'>ibi</span> <span class='ocrx_word' id='word_1_355' title='bbox 1050 4516 1253 4580; x_wconf 89' lang='lat' dir='ltr'>centenimus</span> <span class='ocrx_word' id='word_1_356' title='bbox 1274 4531 1306 4579; x_wconf 88' lang='lat' dir='ltr'>et</span> <span class='ocrx_word' id='word_1_357' title='bbox 1328 4516 1568 4602; x_wconf 85' lang='lat' dir='ltr'>predicanimus</span> <span class='ocrx_word' id='word_1_358' title='bbox 1591 4514 1793 4599; x_wconf 88' lang='lat' dir='ltr'>euangelium</span> <span class='ocrx_word' id='word_1_359' title='bbox 1815 4514 2019 4601; x_wconf 88' lang='lat' dir='ltr'>Megdelene.</span> 
     </span>
    </p>
   </div>
   <div class='ocr_carea' id='block_1_11' title="bbox 557 4620 2276 4737">
    <p class='ocr_par' dir='ltr' id='par_1_27' title="bbox 557 4620 2276 4737">
     <span class='ocr_line' id='line_1_35' title="bbox 557 4620 2276 4737; baseline 0.002 -27"><span class='ocrx_word' id='word_1_360' title='bbox 557 4620 590 4737; x_wconf 55' lang='grc' dir='ltr'>ἒξ</span> <span class='ocrx_word' id='word_1_361' title='bbox 730 4645 809 4711; x_wconf 88' lang='lat' dir='ltr'>lnde</span> <span class='ocrx_word' id='word_1_362' title='bbox 829 4647 994 4711; x_wconf 86' lang='lat' dir='ltr'>venientes</span> <span class='ocrx_word' id='word_1_363' title='bbox 1014 4648 1107 4711; x_wconf 83' lang='lat' dir='ltr'>iuxta</span> <span class='ocrx_word' id='word_1_364' title='bbox 1131 4669 1221 4711; x_wconf 91' lang='lat' dir='ltr'>mere</span> <span class='ocrx_word' id='word_1_365' title='bbox 1236 4646 1422 4712; x_wconf 85' lang='lat' dir='ltr'>Tiberiadis</span> <span class='ocrx_word' id='word_1_366' title='bbox 1445 4648 1591 4713; x_wconf 89' lang='lat' dir='ltr'>venimus</span> <span class='ocrx_word' id='word_1_367' title='bbox 1612 4648 1752 4733; x_wconf 87' lang='lat' dir='ltr'>quinque</span> <span class='ocrx_word' id='word_1_368' title='bbox 1774 4647 1913 4711; x_wconf 85' lang='lat' dir='ltr'>miliaria</span> <span class='ocrx_word' id='word_1_369' title='bbox 1930 4650 2121 4711; x_wconf 83' lang='lat' dir='ltr'>Tiberiadsm.</span> <span class='ocrx_word' id='word_1_370' title='bbox 2165 4648 2210 4713; x_wconf 86' lang='lat' dir='ltr'>Et</span> <span class='ocrx_word' id='word_1_371' title='bbox 2231 4650 2276 4713; x_wconf 89' lang='lat' dir='ltr'>iu·</span> 
     </span>
    </p>
   </div>
   <div class='ocr_carea' id='block_1_12' title="bbox 607 4760 2278 5083">
    <p class='ocr_par' dir='ltr' id='par_1_28' title="bbox 607 4760 2278 5083">
     <span class='ocr_line' id='line_1_36' title="bbox 607 4760 2278 4849; baseline 0.001 -22"><span class='ocrx_word' id='word_1_372' title='bbox 607 4765 771 4828; x_wconf 88' lang='lat' dir='ltr'>uenientes</span> <span class='ocrx_word' id='word_1_373' title='bbox 793 4761 841 4825; x_wconf 91' lang='lat' dir='ltr'>ibi</span> <span class='ocrx_word' id='word_1_374' title='bbox 862 4760 962 4825; x_wconf 90' lang='lat' dir='ltr'>multe</span> <span class='ocrx_word' id='word_1_375' title='bbox 983 4762 1181 4827; x_wconf 88' lang='lat' dir='ltr'>memorialis</span> <span class='ocrx_word' id='word_1_376' title='bbox 1209 4762 1308 4847; x_wconf 90' lang='lat' dir='ltr'>digna</span> <span class='ocrx_word' id='word_1_377' title='bbox 1330 4766 1412 4827; x_wconf 89' lang='lat' dir='ltr'>iuter</span> <span class='ocrx_word' id='word_1_378' title='bbox 1435 4764 1500 4827; x_wconf 88' lang='lat' dir='ltr'>alie</span> <span class='ocrx_word' id='word_1_379' title='bbox 1522 4764 1581 4827; x_wconf 89' lang='lat' dir='ltr'>hec</span> <span class='ocrx_word' id='word_1_380' title='bbox 1603 4766 1720 4841; x_wconf 84' lang='lat' dir='ltr'>notaui,</span> <span class='ocrx_word' id='word_1_381' title='bbox 1742 4762 1882 4849; x_wconf 82' lang='lat' dir='ltr'>quodie</span> <span class='ocrx_word' id='word_1_382' title='bbox 1904 4764 1985 4826; x_wconf 93' lang='lat' dir='ltr'>meri</span> <span class='ocrx_word' id='word_1_383' title='bbox 2000 4762 2186 4829; x_wconf 85' lang='lat' dir='ltr'>Tiberiadis</span> <span class='ocrx_word' id='word_1_384' title='bbox 2210 4774 2278 4829; x_wconf 85' lang='lat' dir='ltr'>tota</span> 
     </span>
     <span class='ocr_line' id='line_1_37' title="bbox 608 4876 2275 4965; baseline -0.001 -21"><span class='ocrx_word' id='word_1_385' title='bbox 608 4902 693 4965; x_wconf 91' lang='lat' dir='ltr'>eque</span> <span class='ocrx_word' id='word_1_386' title='bbox 719 4890 750 4942; x_wconf 89' lang='lat' dir='ltr'>et</span> <span class='ocrx_word' id='word_1_387' title='bbox 777 4879 811 4941; x_wconf 93' lang='lat' dir='ltr'>in</span> <span class='ocrx_word' id='word_1_388' title='bbox 837 4878 922 4942; x_wconf 91' lang='lat' dir='ltr'>omni</span> <span class='ocrx_word' id='word_1_389' title='bbox 948 4876 1020 4941; x_wconf 92' lang='lat' dir='ltr'>loco</span> <span class='ocrx_word' id='word_1_390' title='bbox 1043 4876 1352 4942; x_wconf 89' lang='lat' dir='ltr'>dulcissimeestet</span> <span class='ocrx_word' id='word_1_391' title='bbox 1374 4880 1568 4943; x_wconf 75' lang='lat' dir='ltr'>susstissirne</span> <span class='ocrx_word' id='word_1_392' title='bbox 1590 4878 1848 4964; x_wconf 86' lang='lat' dir='ltr'>adpetendum,</span> <span class='ocrx_word' id='word_1_393' title='bbox 1885 4902 1956 4943; x_wconf 90' lang='lat' dir='ltr'>cum</span> <span class='ocrx_word' id='word_1_394' title='bbox 1984 4882 2145 4943; x_wconf 87' lang='lat' dir='ltr'>tamenin</span> <span class='ocrx_word' id='word_1_395' title='bbox 2169 4878 2275 4944; x_wconf 90' lang='lat' dir='ltr'>multis</span> 
     </span>
     <span class='ocr_line' id='line_1_38' title="bbox 608 4993 1810 5083; baseline -0.002 -25"><span class='ocrx_word' id='word_1_396' title='bbox 608 4994 755 5083; x_wconf 90' lang='lat' dir='ltr'>partibus</span> <span class='ocrx_word' id='word_1_397' title='bbox 777 4996 897 5057; x_wconf 88' lang='lat' dir='ltr'>intrent</span> <span class='ocrx_word' id='word_1_398' title='bbox 918 4993 952 5056; x_wconf 93' lang='lat' dir='ltr'>in</span> <span class='ocrx_word' id='word_1_399' title='bbox 973 5015 1010 5055; x_wconf 90' lang='lat' dir='ltr'>eo</span> <span class='ocrx_word' id='word_1_400' title='bbox 1034 5016 1115 5077; x_wconf 90' lang='lat' dir='ltr'>aque</span> <span class='ocrx_word' id='word_1_401' title='bbox 1134 4995 1269 5057; x_wconf 90' lang='lat' dir='ltr'>t&#39;etcntes</span> <span class='ocrx_word' id='word_1_402' title='bbox 1294 5007 1325 5057; x_wconf 90' lang='lat' dir='ltr'>et</span> <span class='ocrx_word' id='word_1_403' title='bbox 1349 4994 1521 5081; x_wconf 89' lang='lat' dir='ltr'>sulphm·ee</span> <span class='ocrx_word' id='word_1_404' title='bbox 1543 5006 1574 5057; x_wconf 87' lang='lat' dir='ltr'>et</span> <span class='ocrx_word' id='word_1_405' title='bbox 1598 4996 1810 5058; x_wconf 86' lang='lat' dir='ltr'>amarissime.</span> 
     </span>
    </p>
   </div>
   <div class='ocr_carea' id='block_1_13' title="bbox 557 5120 2281 5535">
    <p class='ocr_par' dir='ltr' id='par_1_29' title="bbox 558 5120 2278 5329">
     <span class='ocr_line' id='line_1_39' title="bbox 558 5120 2278 5209; baseline 0.002 -21"><span class='ocrx_word' id='word_1_406' title='bbox 558 5120 590 5169; x_wconf 82' lang='lat'>³⁰</span> <span class='ocrx_word' id='word_1_407' title='bbox 731 5124 811 5189; x_wconf 89' lang='lat' dir='ltr'>Inde</span> <span class='ocrx_word' id='word_1_408' title='bbox 836 5148 913 5189; x_wconf 89' lang='lat' dir='ltr'>vero</span> <span class='ocrx_word' id='word_1_409' title='bbox 941 5123 1152 5188; x_wconf 88' lang='lat' dir='ltr'>ascendentes</span> <span class='ocrx_word' id='word_1_410' title='bbox 1184 5126 1218 5187; x_wconf 94' lang='lat' dir='ltr'>in</span> <span class='ocrx_word' id='word_1_411' title='bbox 1248 5136 1389 5191; x_wconf 89' lang='lat' dir='ltr'>montem</span> <span class='ocrx_word' id='word_1_412' title='bbox 1421 5127 1536 5209; x_wconf 86' lang='lat' dir='ltr'>altum,</span> <span class='ocrx_word' id='word_1_413' title='bbox 1569 5142 1604 5190; x_wconf 89' lang='lat' dir='ltr'>vt</span> <span class='ocrx_word' id='word_1_414' title='bbox 1631 5128 1813 5191; x_wconf 88' lang='lat' dir='ltr'>veniremus</span> <span class='ocrx_word' id='word_1_415' title='bbox 1849 5128 1891 5191; x_wconf 91' lang='lat' dir='ltr'>ed</span> <span class='ocrx_word' id='word_1_416' title='bbox 1918 5126 2110 5191; x_wconf 87' lang='lat' dir='ltr'>altissimum</span> <span class='ocrx_word' id='word_1_417' title='bbox 2138 5136 2278 5191; x_wconf 87' lang='lat' dir='ltr'>montem</span> 
     </span>
     <span class='ocr_line' id='line_1_40' title="bbox 609 5239 2277 5329; baseline 0 -24"><span class='ocrx_word' id='word_1_418' title='bbox 609 5240 752 5322; x_wconf 90' lang='lat' dir='ltr'>Thabor,</span> <span class='ocrx_word' id='word_1_419' title='bbox 773 5240 883 5304; x_wconf 88' lang='lat' dir='ltr'>decem</span> <span class='ocrx_word' id='word_1_420' title='bbox 905 5239 1054 5321; x_wconf 88' lang='lat' dir='ltr'>miliaria,</span> <span class='ocrx_word' id='word_1_421' title='bbox 1075 5242 1221 5303; x_wconf 87' lang='lat' dir='ltr'>venimus</span> <span class='ocrx_word' id='word_1_422' title='bbox 1242 5243 1275 5305; x_wconf 92' lang='lat' dir='ltr'>in</span> <span class='ocrx_word' id='word_1_423' title='bbox 1297 5248 1480 5317; x_wconf 68' lang='lat' dir='ltr'>Bithunum,</span> <span class='ocrx_word' id='word_1_424' title='bbox 1504 5243 1673 5329; x_wconf 82' lang='lat' dir='ltr'>pennulam</span> <span class='ocrx_word' id='word_1_425' title='bbox 1696 5244 1858 5307; x_wconf 90' lang='lat' dir='ltr'>ciuitatem</span> <span class='ocrx_word' id='word_1_426' title='bbox 1881 5240 2001 5321; x_wconf 88' lang='lat' dir='ltr'>Iudith,</span> <span class='ocrx_word' id='word_1_427' title='bbox 2024 5264 2120 5305; x_wconf 89' lang='lat' dir='ltr'>unum</span> <span class='ocrx_word' id='word_1_428' title='bbox 2144 5240 2277 5307; x_wconf 84' lang='lat' dir='ltr'>miliare.</span> 
     </span>
    </p>

    <p class='ocr_par' dir='ltr' id='par_1_30' title="bbox 557 5354 2281 5535">
     <span class='ocr_line' id='line_1_41' title="bbox 557 5354 2281 5445; baseline 0.002 -28"><span class='ocrx_word' id='word_1_429' title='bbox 557 5365 587 5414; x_wconf 82' lang='lat'>31</span> <span class='ocrx_word' id='word_1_430' title='bbox 607 5356 661 5419; x_wconf 89' lang='lat' dir='ltr'>Ad</span> <span class='ocrx_word' id='word_1_431' title='bbox 682 5354 798 5441; x_wconf 89' lang='lat' dir='ltr'>pedem</span> <span class='ocrx_word' id='word_1_432' title='bbox 820 5356 962 5419; x_wconf 88' lang='lat' dir='ltr'>ciuitatis</span> <span class='ocrx_word' id='word_1_433' title='bbox 984 5358 1163 5442; x_wconf 88' lang='lat' dir='ltr'>qnienimus</span> <span class='ocrx_word' id='word_1_434' title='bbox 1192 5355 1390 5434; x_wconf 79' lang='lat' dir='ltr'>adfectam,</span> <span class='ocrx_word' id='word_1_435' title='bbox 1425 5359 1467 5423; x_wconf 91' lang='lat' dir='ltr'>ed</span> <span class='ocrx_word' id='word_1_436' title='bbox 1494 5382 1589 5445; x_wconf 87' lang='lat' dir='ltr'>quern</span> <span class='ocrx_word' id='word_1_437' title='bbox 1610 5360 1700 5423; x_wconf 90' lang='lat' dir='ltr'>Iudei</span> <span class='ocrx_word' id='word_1_438' title='bbox 1729 5359 1854 5423; x_wconf 89' lang='lat' dir='ltr'>obsessi</span> <span class='ocrx_word' id='word_1_439' title='bbox 1883 5358 1925 5423; x_wconf 92' lang='lat' dir='ltr'>eb</span> <span class='ocrx_word' id='word_1_440' title='bbox 1947 5357 2124 5422; x_wconf 87' lang='lat' dir='ltr'>Holoferne</span> <span class='ocrx_word' id='word_1_441' title='bbox 2146 5356 2281 5423; x_wconf 87' lang='lat' dir='ltr'>exibent</span> 
     </span>
     <span class='ocr_line' id='line_1_42' title="bbox 608 5469 924 5535; baseline -0.006 0"><span class='ocrx_word' id='word_1_442' title='bbox 608 5471 651 5535; x_wconf 89' lang='lat' dir='ltr'>ed</span> <span class='ocrx_word' id='word_1_443' title='bbox 672 5469 924 5535; x_wconf 88' lang='lat' dir='ltr'>ret&#39;ocillendum.</span> 
     </span>
    </p>
   </div>
   <div class='ocr_carea' id='block_1_14' title="bbox 672 5686 2280 5772">
    <p class='ocr_par' dir='ltr' id='par_1_31' title="bbox 672 5686 2280 5772">
     <span class='ocr_line' id='line_1_43' title="bbox 672 5686 2280 5772; baseline 0.002 -24"><span class='ocrx_word' id='word_1_444' title='bbox 672 5694 701 5761; x_wconf 73' lang='lat'>7)</span> <span class='ocrx_word' id='word_1_445' title='bbox 723 5686 824 5746; x_wconf 80' lang='lat' dir='ltr'>Metth.</span> <span class='ocrx_word' id='word_1_446' title='bbox 846 5687 900 5757; x_wconf 85' lang='lat' dir='ltr'>IV,</span> <span class='ocrx_word' id='word_1_447' title='bbox 925 5691 972 5748; x_wconf 85' lang='lat'>18·</span> <span class='ocrx_word' id='word_1_448' title='bbox 1530 5698 1577 5765; x_wconf 86' lang='lat' dir='ltr'>to)</span> <span class='ocrx_word' id='word_1_449' title='bbox 1602 5692 1795 5769; x_wconf 82' lang='lat' dir='ltr'>Genesarcth]</span> <span class='ocrx_word' id='word_1_450' title='bbox 1818 5692 1858 5751; x_wconf 81' lang='lat' dir='ltr'>Et</span> <span class='ocrx_word' id='word_1_451' title='bbox 1879 5713 1931 5772; x_wconf 86' lang='lat' dir='ltr'>pro</span> <span class='ocrx_word' id='word_1_452' title='bbox 1946 5692 2010 5763; x_wconf 83' lang='lat' dir='ltr'>hoc,</span> <span class='ocrx_word' id='word_1_453' title='bbox 2030 5700 2060 5750; x_wconf 90' lang='lat' dir='ltr'>et</span> <span class='ocrx_word' id='word_1_454' title='bbox 2072 5712 2125 5770; x_wconf 85' lang='lat' dir='ltr'>pro</span> <span class='ocrx_word' id='word_1_455' title='bbox 2139 5700 2280 5771; x_wconf 88' lang='lat' dir='ltr'>sequente</span> 
     </span>
    </p>
   </div>
   <div class='ocr_carea' id='block_1_15' title="bbox 668 5788 2245 6066">
    <p class='ocr_par' dir='ltr' id='par_1_32' title="bbox 668 5788 2245 6066">
     <span class='ocr_line' id='line_1_44' title="bbox 668 5788 2015 5908; baseline 0 -57"><span class='ocrx_word' id='word_1_456' title='bbox 668 5844 698 5908; x_wconf 62' lang='grc'>8)</span> <span class='ocrx_word' id='word_1_457' title='bbox 718 5836 821 5895; x_wconf 32' lang='grc' dir='ltr'>Μωὴ.</span> <span class='ocrx_word' id='word_1_458' title='bbox 844 5835 871 5892; x_wconf 69' lang='lat' dir='ltr'>v</span> <span class='ocrx_word' id='word_1_459' title='bbox 905 5842 929 5895; x_wconf 41' lang='lat' dir='ltr'>l.</span> <span class='ocrx_word' id='word_1_460' title='bbox 1465 5792 1581 5849; x_wconf 90' lang='lat' dir='ltr'>nomine</span> <span class='ocrx_word' id='word_1_461' title='bbox 1603 5788 1676 5850; x_wconf 84' lang='lat' dir='ltr'>Cod.</span> <span class='ocrx_word' id='word_1_462' title='bbox 1698 5788 1734 5851; x_wconf 85' lang='lat' dir='ltr'>G.</span> <span class='ocrx_word' id='word_1_463' title='bbox 1757 5792 1849 5851; x_wconf 89' lang='lat' dir='ltr'>habet</span> <span class='ocrx_word' id='word_1_464' title='bbox 1873 5792 2015 5851; x_wconf 79' lang='lat' dir='ltr'>Genesar.</span> 
     </span>
     <span class='ocr_line' id='line_1_45' title="bbox 873 5880 2245 5965; baseline -0.003 -14"><span class='ocrx_word' id='word_1_465' title='bbox 873 5880 880 5907; x_wconf 80' lang='lat'>&#39;</span> <span class='ocrx_word' id='word_1_466' title='bbox 1530 5894 1577 5962; x_wconf 84' lang='lat' dir='ltr'>ll)</span> <span class='ocrx_word' id='word_1_467' title='bbox 1600 5890 1772 5965; x_wconf 83' lang='lat' dir='ltr'>tabulatam]</span> <span class='ocrx_word' id='word_1_468' title='bbox 1795 5888 1868 5949; x_wconf 80' lang='lat' dir='ltr'>cod.</span> <span class='ocrx_word' id='word_1_469' title='bbox 1890 5887 1925 5949; x_wconf 87' lang='lat' dir='ltr'>G.</span> <span class='ocrx_word' id='word_1_470' title='bbox 1948 5888 2037 5949; x_wconf 84' lang='lat' dir='ltr'>hebet</span> <span class='ocrx_word' id='word_1_471' title='bbox 2058 5890 2245 5947; x_wconf 77' lang='lat' dir='ltr'>stabuletum.</span> 
     </span>
     <span class='ocr_line' id='line_1_46' title="bbox 669 5985 2034 6066; baseline 0 -19"><span class='ocrx_word' id='word_1_472' title='bbox 669 5994 699 6057; x_wconf 68' lang='lat'>9)</span> <span class='ocrx_word' id='word_1_473' title='bbox 723 5986 867 6043; x_wconf 80' lang='lat' dir='ltr'>Dominus</span> <span class='ocrx_word' id='word_1_474' title='bbox 889 6004 945 6042; x_wconf 94' lang='lat' dir='ltr'>om.</span> <span class='ocrx_word' id='word_1_475' title='bbox 968 5985 1031 6046; x_wconf 83' lang='lat' dir='ltr'>cod.</span> <span class='ocrx_word' id='word_1_476' title='bbox 1053 5985 1089 6045; x_wconf 87' lang='lat' dir='ltr'>G.</span> <span class='ocrx_word' id='word_1_477' title='bbox 1533 5992 1579 6060; x_wconf 79' lang='lat' dir='ltr'>tt)</span> <span class='ocrx_word' id='word_1_478' title='bbox 1604 5986 1719 6065; x_wconf 87' lang='lat' dir='ltr'>Copula</span> <span class='ocrx_word' id='word_1_479' title='bbox 1743 6006 1962 6066; x_wconf 86' lang='lat' dir='ltr'>supervacanee</span> <span class='ocrx_word' id='word_1_480' title='bbox 1984 5996 2034 6047; x_wconf 88' lang='lat' dir='ltr'>est.</span> 
     </span>
    </p>
   </div>
   <div class='ocr_carea' id='block_1_16' title="bbox 0 0 2646 7042">
    <p class='ocr_par' dir='ltr' id='par_1_33' title="bbox 0 0 2646 7042">
     <span class='ocr_line' id='line_1_47' title="bbox 0 0 2646 7042; baseline 0 0"><span class='ocrx_word' id='word_1_481' title='bbox 0 0 2646 7042; x_wconf 95' lang='lat' dir='ltr'> </span> 
     </span>
    </p>
   </div>
  </div>
 </body>
</html>
