<?xml version="1.0" encoding="UTF-8"?>
<!DOCTYPE html PUBLIC "-//W3C//DTD XHTML 1.0 Transitional//EN"
    "http://www.w3.org/TR/xhtml1/DTD/xhtml1-transitional.dtd">
<html xmlns="http://www.w3.org/1999/xhtml" xml:lang="en" lang="en">
 <head>
  <title>
</title>
<meta http-equiv="Content-Type" content="text/html;charset=utf-8" />
  <meta name='ocr-system' content='tesseract 3.04.00' />
  <meta name='ocr-capabilities' content='ocr_page ocr_carea ocr_par ocr_line ocrx_word'/>
</head>
<body>
  <div class='ocr_page' id='page_1' title='image "./peregrinatoresm00odorgoog_0023.png"; bbox 0 0 5284 7042; ppageno 0'>
   <div class='ocr_carea' id='block_1_1' title="bbox 373 903 2044 1457">
    <p class='ocr_par' dir='ltr' id='par_1_1' title="bbox 373 903 2044 1457">
     <span class='ocr_line' id='line_1_1' title="bbox 374 903 2043 995; baseline 0 -23"><span class='ocrx_word' id='word_1_1' title='bbox 374 909 496 974; x_wconf 74' lang='lat' dir='ltr'><strong>olorem</strong></span> <span class='ocrx_word' id='word_1_2' title='bbox 526 905 573 972; x_wconf 92' lang='lat' dir='ltr'><strong>illi</strong></span> <span class='ocrx_word' id='word_1_3' title='bbox 595 921 627 972; x_wconf 92' lang='lat' dir='ltr'><strong>ct</strong></span> <span class='ocrx_word' id='word_1_4' title='bbox 648 909 788 994; x_wconf 78' lang='lat' dir='ltr'><strong>priorem</strong></span> <span class='ocrx_word' id='word_1_5' title='bbox 811 907 1062 994; x_wconf 71' lang='lat' dir='ltr'><strong>descriptionem</strong></span> <span class='ocrx_word' id='word_1_6' title='bbox 1086 907 1250 995; x_wconf 77' lang='lat' dir='ltr'><strong>praebent.</strong></span> <span class='ocrx_word' id='word_1_7' title='bbox 1294 907 1394 974; x_wconf 76' lang='lat' dir='ltr'><strong>Cuius</strong></span> <span class='ocrx_word' id='word_1_8' title='bbox 1422 907 1551 992; x_wconf 86' lang='lat' dir='ltr'><strong>generis</strong></span> <span class='ocrx_word' id='word_1_9' title='bbox 1572 918 1647 973; x_wconf 87' lang='lat' dir='ltr'><strong>sunt</strong></span> <span class='ocrx_word' id='word_1_10' title='bbox 1669 903 1798 972; x_wconf 84' lang='lat' dir='ltr'><strong>codices</strong></span> <span class='ocrx_word' id='word_1_11' title='bbox 1819 905 2043 972; x_wconf 79' lang='lat' dir='ltr'><strong>vratislarien·</strong></span> 
     </span>
     <span class='ocr_line' id='line_1_2' title="bbox 373 1020 2043 1112; baseline 0 -22"><span class='ocrx_word' id='word_1_12' title='bbox 373 1047 426 1090; x_wconf 88' lang='lat' dir='ltr'><strong>ses</strong></span> <span class='ocrx_word' id='word_1_13' title='bbox 448 1039 524 1104; x_wconf 91' lang='lat' dir='ltr'><strong>tres,</strong></span> <span class='ocrx_word' id='word_1_14' title='bbox 546 1021 748 1103; x_wconf 71' lang='lat' dir='ltr'><strong>mellicensis,</strong></span> <span class='ocrx_word' id='word_1_15' title='bbox 770 1021 1011 1104; x_wconf 70' lang='lat' dir='ltr'><strong>ratisbonensis,</strong></span> <span class='ocrx_word' id='word_1_16' title='bbox 1034 1043 1195 1088; x_wconf 84' lang='lat' dir='ltr'><strong>romanus.</strong></span> <span class='ocrx_word' id='word_1_17' title='bbox 1238 1023 1267 1090; x_wconf 84' lang='lat' dir='ltr'>E</span> <span class='ocrx_word' id='word_1_18' title='bbox 1288 1021 1420 1112; x_wconf 86' lang='lat' dir='ltr'><strong>reliquis</strong></span> <span class='ocrx_word' id='word_1_19' title='bbox 1444 1021 1710 1108; x_wconf 64' lang='lat' dir='ltr'><strong>staphorstianua</strong></span> <span class='ocrx_word' id='word_1_20' title='bbox 1737 1043 1809 1086; x_wconf 86' lang='lat' dir='ltr'><strong>cuns</strong></span> <span class='ocrx_word' id='word_1_21' title='bbox 1831 1020 1934 1088; x_wconf 84' lang='lat' dir='ltr'><strong>altero</strong></span> <span class='ocrx_word' id='word_1_22' title='bbox 1954 1022 2043 1090; x_wconf 84' lang='lat' dir='ltr'><strong>barn·</strong></span> 
     </span>
     <span class='ocr_line' id='line_1_3' title="bbox 374 1137 2044 1226; baseline 0 -22"><span class='ocrx_word' id='word_1_23' title='bbox 374 1139 548 1226; x_wconf 86' lang='lat' dir='ltr'><strong>burgensi,</strong></span> <span class='ocrx_word' id='word_1_24' title='bbox 576 1137 763 1218; x_wconf 71' lang='lat' dir='ltr'><strong>basileensi,</strong></span> <span class='ocrx_word' id='word_1_25' title='bbox 791 1137 961 1205; x_wconf 87' lang='lat' dir='ltr'><strong>florentine</strong></span> <span class='ocrx_word' id='word_1_26' title='bbox 982 1139 1240 1218; x_wconf 86' lang='lat' dir='ltr'><strong>Laurentiauac,</strong></span> <span class='ocrx_word' id='word_1_27' title='bbox 1269 1139 1455 1214; x_wconf 84' lang='lat' dir='ltr'><strong>oxoniensi,</strong></span> <span class='ocrx_word' id='word_1_28' title='bbox 1477 1139 1671 1220; x_wconf 74' lang='lat' dir='ltr'><strong>taurinensi,</strong></span> <span class='ocrx_word' id='word_1_29' title='bbox 1693 1139 1902 1226; x_wconf 84' lang='lat' dir='ltr'><strong>posteriorem</strong></span> <span class='ocrx_word' id='word_1_30' title='bbox 1924 1149 1956 1204; x_wconf 84' lang='lat' dir='ltr'><strong>et</strong></span> <span class='ocrx_word' id='word_1_31' title='bbox 1978 1161 2044 1204; x_wconf 85' lang='lat' dir='ltr'><strong>asu·</strong></span> 
     </span>
     <span class='ocr_line' id='line_1_4' title="bbox 373 1251 2044 1344; baseline 0 -24"><span class='ocrx_word' id='word_1_32' title='bbox 373 1255 507 1344; x_wconf 84' lang='lat' dir='ltr'><strong>pliorem</strong></span> <span class='ocrx_word' id='word_1_33' title='bbox 529 1253 777 1342; x_wconf 81' lang='lat' dir='ltr'><strong>descriptionem</strong></span> <span class='ocrx_word' id='word_1_34' title='bbox 800 1253 1048 1336; x_wconf 87' lang='lat' dir='ltr'><strong>continentibus,</strong></span> <span class='ocrx_word' id='word_1_35' title='bbox 1070 1253 1163 1322; x_wconf 84' lang='lat' dir='ltr'><strong>alteri</strong></span> <span class='ocrx_word' id='word_1_36' title='bbox 1185 1255 1295 1342; x_wconf 85' lang='lat' dir='ltr'><strong>generi</strong></span> <span class='ocrx_word' id='word_1_37' title='bbox 1312 1255 1545 1320; x_wconf 75' lang='lat' dir='ltr'><strong>annumerandi</strong></span> <span class='ocrx_word' id='word_1_38' title='bbox 1566 1277 1637 1320; x_wconf 86' lang='lat' dir='ltr'><strong>esse</strong></span> <span class='ocrx_word' id='word_1_39' title='bbox 1655 1251 1813 1320; x_wconf 82' lang='lat' dir='ltr'><strong>ridentur.</strong></span> <span class='ocrx_word' id='word_1_40' title='bbox 1847 1253 1951 1320; x_wconf 86' lang='lat' dir='ltr'><strong>Huius</strong></span> <span class='ocrx_word' id='word_1_41' title='bbox 1966 1254 2044 1320; x_wconf 87' lang='lat' dir='ltr'><strong>altc-</strong></span> 
     </span>
     <span class='ocr_line' id='line_1_5' title="bbox 373 1367 1456 1457; baseline -0.002 -21"><span class='ocrx_word' id='word_1_42' title='bbox 373 1373 441 1436; x_wconf 88' lang='lat' dir='ltr'><strong>rius</strong></span> <span class='ocrx_word' id='word_1_43' title='bbox 463 1369 589 1456; x_wconf 85' lang='lat' dir='ltr'><strong>generis</strong></span> <span class='ocrx_word' id='word_1_44' title='bbox 612 1370 739 1436; x_wconf 86' lang='lat' dir='ltr'><strong>codices</strong></span> <span class='ocrx_word' id='word_1_45' title='bbox 762 1369 794 1434; x_wconf 89' lang='lat' dir='ltr'><strong>in</strong></span> <span class='ocrx_word' id='word_1_46' title='bbox 816 1367 876 1434; x_wconf 91' lang='lat' dir='ltr'><strong>bac</strong></span> <span class='ocrx_word' id='word_1_47' title='bbox 898 1369 1039 1436; x_wconf 87' lang='lat' dir='ltr'><strong>editione</strong></span> <span class='ocrx_word' id='word_1_48' title='bbox 1058 1383 1168 1436; x_wconf 82' lang='lat' dir='ltr'><strong>nostra</strong></span> <span class='ocrx_word' id='word_1_49' title='bbox 1190 1373 1315 1457; x_wconf 87' lang='lat' dir='ltr'><strong>sequuti</strong></span> <span class='ocrx_word' id='word_1_50' title='bbox 1337 1393 1456 1436; x_wconf 89' lang='lat' dir='ltr'><strong>sumus.</strong></span> 
     </span>
    </p>
   </div>
   <div class='ocr_carea' id='block_1_2' title="bbox 373 1783 2044 3854">
    <p class='ocr_par' dir='ltr' id='par_1_2' title="bbox 373 1783 1417 2234">
     <span class='ocr_line' id='line_1_6' title="bbox 1098 1783 1319 1848; baseline 0.005 -1"><span class='ocrx_word' id='word_1_51' title='bbox 1098 1783 1108 1847; x_wconf 98' lang='lat' dir='ltr'><strong>l</strong></span> <span class='ocrx_word' id='word_1_52' title='bbox 1133 1784 1160 1847; x_wconf 67' lang='lat' dir='ltr'><strong>a*</strong></span> <span class='ocrx_word' id='word_1_53' title='bbox 1184 1785 1215 1848; x_wconf 89' lang='lat' dir='ltr'>D</span> <span class='ocrx_word' id='word_1_54' title='bbox 1238 1783 1266 1848; x_wconf 79' lang='lat' dir='ltr'>E</span> <span class='ocrx_word' id='word_1_55' title='bbox 1289 1783 1319 1848; x_wconf 81' lang='grc' dir='ltr'><strong>Χ</strong></span> 
     </span>
     <span class='ocr_line' id='line_1_7' title="bbox 994 1932 1417 1980; baseline 0.002 -2"><span class='ocrx_word' id='word_1_56' title='bbox 994 1932 1190 1980; x_wconf 71' lang='lat' dir='ltr'><strong>solarentur</strong></span> <span class='ocrx_word' id='word_1_57' title='bbox 1211 1933 1417 1980; x_wconf 72' lang='lat' dir='ltr'><strong>eructuant.</strong></span> 
     </span>
     <span class='ocr_line' id='line_1_8' title="bbox 373 2015 912 2096; baseline 0 -4"><span class='ocrx_word' id='word_1_58' title='bbox 373 2017 491 2092; x_wconf 67' lang='lat' dir='ltr'><strong>blitiri)</strong></span> <span class='ocrx_word' id='word_1_59' title='bbox 518 2015 542 2090; x_wconf 82' lang='lat' dir='ltr'><strong>l</strong></span> <span class='ocrx_word' id='word_1_60' title='bbox 567 2034 650 2096; x_wconf 69' lang='lat'>1475.</span> <span class='ocrx_word' id='word_1_61' title='bbox 682 2035 820 2092; x_wconf 78' lang='lat' dir='ltr'><strong>Laberos.</strong></span> <span class='ocrx_word' id='word_1_62' title='bbox 848 2035 912 2092; x_wconf 77' lang='lat' dir='ltr'><strong>l&#39;ol.</strong></span> 
     </span>
     <span class='ocr_line' id='line_1_9' title="bbox 537 2145 1278 2234; baseline -0.003 -22"><span class='ocrx_word' id='word_1_63' title='bbox 537 2145 752 2234; x_wconf 89' lang='lat' dir='ltr'><strong>lnscriptionc</strong></span> <span class='ocrx_word' id='word_1_64' title='bbox 774 2160 877 2228; x_wconf 88' lang='lat' dir='ltr'><strong>earet,</strong></span> <span class='ocrx_word' id='word_1_65' title='bbox 901 2145 1095 2234; x_wconf 87' lang='lat' dir='ltr'><strong>subscriptio</strong></span> <span class='ocrx_word' id='word_1_66' title='bbox 1117 2145 1195 2210; x_wconf 91' lang='lat' dir='ltr'><strong>baec</strong></span> <span class='ocrx_word' id='word_1_67' title='bbox 1216 2159 1278 2210; x_wconf 89' lang='lat' dir='ltr'><strong>est:</strong></span> 
     </span>
    </p>

    <p class='ocr_par' dir='ltr' id='par_1_3' title="bbox 535 2257 2044 3504">
     <span class='ocr_line' id='line_1_10' title="bbox 578 2257 2012 2350; baseline -0.007 -22"><span class='ocrx_word' id='word_1_68' title='bbox 578 2259 751 2328; x_wconf 86' lang='lat' dir='ltr'><strong>Conclusio</strong></span> <span class='ocrx_word' id='word_1_69' title='bbox 778 2261 852 2328; x_wconf 91' lang='lat' dir='ltr'><strong>libri</strong></span> <span class='ocrx_word' id='word_1_70' title='bbox 882 2263 1033 2350; x_wconf 86' lang='lat' dir='ltr'><strong>sequitur.</strong></span> <span class='ocrx_word' id='word_1_71' title='bbox 1072 2322 1076 2342; x_wconf 38' lang='grc' dir='ltr'>ι</span> <span class='ocrx_word' id='word_1_72' title='bbox 1119 2263 1214 2326; x_wconf 77' lang='lat' dir='ltr'><strong>Austro</strong></span> <span class='ocrx_word' id='word_1_73' title='bbox 1248 2261 1422 2328; x_wconf 88' lang='lat' dir='ltr'><strong>seeundum</strong></span> <span class='ocrx_word' id='word_1_74' title='bbox 1454 2287 1585 2328; x_wconf 89' lang='lat' dir='ltr'><strong>caruem</strong></span> <span class='ocrx_word' id='word_1_75' title='bbox 1614 2262 1672 2327; x_wconf 85' lang='lat' dir='ltr'><strong>lilii</strong></span> <span class='ocrx_word' id='word_1_76' title='bbox 1701 2261 1765 2326; x_wconf 87' lang='lat' dir='ltr'><strong>Dei</strong></span> <span class='ocrx_word' id='word_1_77' title='bbox 1794 2282 1816 2325; x_wconf 89' lang='lat' dir='ltr'><strong>a</strong></span> <span class='ocrx_word' id='word_1_78' title='bbox 1843 2257 2012 2323; x_wconf 88' lang='lat' dir='ltr'><strong>natiuitate</strong></span> 
     </span>
     <span class='ocr_line' id='line_1_11' title="bbox 538 2370 2041 2466; baseline -0.005 -24"><span class='ocrx_word' id='word_1_79' title='bbox 538 2375 867 2456; x_wconf 66' lang='lat' dir='ltr'><strong>MCCCCLXXW,</strong></span> <span class='ocrx_word' id='word_1_80' title='bbox 897 2379 968 2466; x_wconf 89' lang='lat' dir='ltr'><strong>ipso</strong></span> <span class='ocrx_word' id='word_1_81' title='bbox 996 2376 1048 2442; x_wconf 91' lang='lat' dir='ltr'><strong>die</strong></span> <span class='ocrx_word' id='word_1_82' title='bbox 1081 2379 1276 2444; x_wconf 84' lang='lat' dir='ltr'><strong>sanctissimi</strong></span> <span class='ocrx_word' id='word_1_83' title='bbox 1300 2380 1387 2464; x_wconf 85' lang='lat' dir='ltr'><strong>regis</strong></span> <span class='ocrx_word' id='word_1_84' title='bbox 1413 2381 1417 2405; x_wconf 83' lang='grc'><strong>”</strong></span> <span class='ocrx_word' id='word_1_85' title='bbox 1446 2393 1479 2444; x_wconf 89' lang='lat' dir='ltr'><strong>et</strong></span> <span class='ocrx_word' id='word_1_86' title='bbox 1500 2381 1642 2444; x_wconf 84' lang='lat' dir='ltr'><strong>martiris</strong></span> <span class='ocrx_word' id='word_1_87' title='bbox 1671 2377 1831 2457; x_wconf 80' lang='lat' dir='ltr'><strong>Oswaldi,</strong></span> <span class='ocrx_word' id='word_1_88' title='bbox 1858 2375 1911 2462; x_wconf 91' lang='lat' dir='ltr'><strong>qui</strong></span> <span class='ocrx_word' id='word_1_89' title='bbox 1938 2386 1985 2436; x_wconf 90' lang='lat' dir='ltr'><strong>est</strong></span> <span class='ocrx_word' id='word_1_90' title='bbox 2013 2370 2041 2436; x_wconf 78' lang='lat' dir='ltr'><strong>i’</strong></span> 
     </span>
     <span class='ocr_line' id='line_1_12' title="bbox 535 2491 2042 2581; baseline -0.004 -23"><span class='ocrx_word' id='word_1_91' title='bbox 535 2493 690 2578; x_wconf 78' lang='lat' dir='ltr'><strong>Augusti,</strong></span> <span class='ocrx_word' id='word_1_92' title='bbox 710 2497 715 2574; x_wconf 79' lang='lat' dir='ltr'><strong>l</strong></span> <span class='ocrx_word' id='word_1_93' title='bbox 734 2493 939 2558; x_wconf 87' lang='lat' dir='ltr'><strong>sanctissimo</strong></span> <span class='ocrx_word' id='word_1_94' title='bbox 959 2493 993 2556; x_wconf 91' lang='lat' dir='ltr'><strong>in</strong></span> <span class='ocrx_word' id='word_1_95' title='bbox 1016 2491 1148 2560; x_wconf 84' lang='lat' dir='ltr'><strong>Christo</strong></span> <span class='ocrx_word' id='word_1_96' title='bbox 1169 2507 1261 2581; x_wconf 89' lang='lat' dir='ltr'><strong>patre</strong></span> <span class='ocrx_word' id='word_1_97' title='bbox 1284 2517 1323 2558; x_wconf 91' lang='lat' dir='ltr'><strong>ac</strong></span> <span class='ocrx_word' id='word_1_98' title='bbox 1345 2494 1494 2576; x_wconf 89' lang='lat' dir='ltr'><strong>domino,</strong></span> <span class='ocrx_word' id='word_1_99' title='bbox 1515 2494 1644 2560; x_wconf 89' lang='lat' dir='ltr'><strong>domino</strong></span> <span class='ocrx_word' id='word_1_100' title='bbox 1665 2496 1760 2560; x_wconf 72' lang='lat' dir='ltr'><strong>Sixto</strong></span> <span class='ocrx_word' id='word_1_101' title='bbox 1783 2495 1895 2580; x_wconf 79' lang='lat' dir='ltr'><strong>palpa,</strong></span> <span class='ocrx_word' id='word_1_102' title='bbox 1917 2499 2042 2575; x_wconf 88' lang='lat' dir='ltr'><strong>quarto,</strong></span> 
     </span>
     <span class='ocr_line' id='line_1_13' title="bbox 537 2607 2043 2696; baseline -0.003 -24"><span class='ocrx_word' id='word_1_103' title='bbox 537 2607 754 2674; x_wconf 91' lang='lat' dir='ltr'><strong>illustrissimo</strong></span> <span class='ocrx_word' id='word_1_104' title='bbox 777 2607 1016 2696; x_wconf 87' lang='lat' dir='ltr'><strong>preclarissime</strong></span> <span class='ocrx_word' id='word_1_105' title='bbox 1038 2609 1152 2674; x_wconf 88' lang='lat' dir='ltr'><strong>domus</strong></span> <span class='ocrx_word' id='word_1_106' title='bbox 1171 2609 1176 2690; x_wconf 91' lang='grc'>1</span> <span class='ocrx_word' id='word_1_107' title='bbox 1193 2610 1326 2674; x_wconf 78' lang='lat' dir='ltr'><strong>Austrie</strong></span> <span class='ocrx_word' id='word_1_108' title='bbox 1349 2608 1525 2674; x_wconf 81' lang='lat' dir='ltr'><strong>Frederico</strong></span> <span class='ocrx_word' id='word_1_109' title='bbox 1547 2612 1646 2676; x_wconf 89' lang='lat' dir='ltr'><strong>tercio</strong></span> <span class='ocrx_word' id='word_1_110' title='bbox 1667 2609 1884 2676; x_wconf 80' lang='lat' dir='ltr'><strong>llomauortuu</strong></span> <span class='ocrx_word' id='word_1_111' title='bbox 1906 2607 2043 2692; x_wconf 86' lang='lat' dir='ltr'><strong>impera·</strong></span> 
     </span>
     <span class='ocr_line' id='line_1_14' title="bbox 540 2723 2044 2812; baseline -0.003 -24"><span class='ocrx_word' id='word_1_112' title='bbox 540 2737 609 2788; x_wconf 91' lang='lat' dir='ltr'><strong>tore</strong></span> <span class='ocrx_word' id='word_1_113' title='bbox 642 2724 851 2788; x_wconf 86' lang='lat' dir='ltr'><strong>inuictissimo</strong></span> <span class='ocrx_word' id='word_1_114' title='bbox 885 2746 1013 2812; x_wconf 83' lang='lat' dir='ltr'><strong>seraper</strong></span> <span class='ocrx_word' id='word_1_115' title='bbox 1042 2737 1180 2812; x_wconf 85' lang='lat' dir='ltr'><strong>augusto</strong></span> <span class='ocrx_word' id='word_1_116' title='bbox 1204 2747 1242 2790; x_wconf 91' lang='lat' dir='ltr'><strong>ac</strong></span> <span class='ocrx_word' id='word_1_117' title='bbox 1265 2749 1325 2812; x_wconf 89' lang='lat' dir='ltr'><strong>pro</strong></span> <span class='ocrx_word' id='word_1_118' title='bbox 1346 2747 1431 2790; x_wconf 89' lang='lat' dir='ltr'><strong>nunc</strong></span> <span class='ocrx_word' id='word_1_119' title='bbox 1451 2723 1592 2791; x_wconf 81' lang='lat' dir='ltr'><strong>Colonie</strong></span> <span class='ocrx_word' id='word_1_120' title='bbox 1621 2727 1796 2808; x_wconf 82' lang='lat' dir='ltr'><strong>existente,</strong></span> <span class='ocrx_word' id='word_1_121' title='bbox 1826 2726 2044 2806; x_wconf 67' lang='lat' dir='ltr'><strong>imperialium</strong></span> 
     </span>
     <span class='ocr_line' id='line_1_15' title="bbox 538 2837 2040 2928; baseline 0.001 -26"><span class='ocrx_word' id='word_1_122' title='bbox 538 2842 589 2902; x_wconf 79' lang='lat' dir='ltr'><strong>oili</strong></span> <span class='ocrx_word' id='word_1_123' title='bbox 618 2843 649 2900; x_wconf 84' lang='lat' dir='ltr'><strong>ia</strong></span> <span class='ocrx_word' id='word_1_124' title='bbox 677 2843 748 2902; x_wconf 80' lang='lat' dir='ltr'><strong>arbe</strong></span> <span class='ocrx_word' id='word_1_125' title='bbox 774 2843 921 2918; x_wconf 74' lang='lat' dir='ltr'><strong>labicano</strong></span> <span class='ocrx_word' id='word_1_126' title='bbox 950 2855 1019 2906; x_wconf 86' lang='lat' dir='ltr'><strong>arte</strong></span> <span class='ocrx_word' id='word_1_127' title='bbox 1049 2841 1258 2928; x_wconf 89' lang='lat' dir='ltr'><strong>impressoria</strong></span> <span class='ocrx_word' id='word_1_128' title='bbox 1281 2840 1415 2928; x_wconf 86' lang='lat' dir='ltr'><strong>speciali</strong></span> <span class='ocrx_word' id='word_1_129' title='bbox 1437 2841 1551 2926; x_wconf 90' lang='lat' dir='ltr'><strong>gracia</strong></span> <span class='ocrx_word' id='word_1_130' title='bbox 1572 2839 1682 2906; x_wconf 89' lang='lat' dir='ltr'><strong>diuina</strong></span> <span class='ocrx_word' id='word_1_131' title='bbox 1701 2843 1705 2919; x_wconf 82' lang='lat' dir='ltr'><strong>l</strong></span> <span class='ocrx_word' id='word_1_132' title='bbox 1725 2842 1906 2906; x_wconf 86' lang='lat' dir='ltr'><strong>animarum</strong></span> <span class='ocrx_word' id='word_1_133' title='bbox 1929 2837 1971 2904; x_wconf 91' lang='lat' dir='ltr'><strong>ob</strong></span> <span class='ocrx_word' id='word_1_134' title='bbox 1991 2861 2040 2904; x_wconf 90' lang='lat' dir='ltr'><strong>sa·</strong></span> 
     </span>
     <span class='ocr_line' id='line_1_16' title="bbox 537 2953 2040 3044; baseline -0.001 -24"><span class='ocrx_word' id='word_1_135' title='bbox 537 2954 634 3020; x_wconf 88' lang='lat' dir='ltr'><strong>lutem</strong></span> <span class='ocrx_word' id='word_1_136' title='bbox 661 2953 804 3020; x_wconf 82' lang='lat' dir='ltr'><strong>fidelium</strong></span> <span class='ocrx_word' id='word_1_137' title='bbox 826 2953 956 3020; x_wconf 90' lang='lat' dir='ltr'><strong>inuenta</strong></span> <span class='ocrx_word' id='word_1_138' title='bbox 984 2957 1165 3044; x_wconf 89' lang='lat' dir='ltr'><strong>epithema</strong></span> <span class='ocrx_word' id='word_1_139' title='bbox 1193 2955 1297 3038; x_wconf 90' lang='lat' dir='ltr'><strong>istud,</strong></span> <span class='ocrx_word' id='word_1_140' title='bbox 1326 2967 1437 3042; x_wconf 88' lang='lat' dir='ltr'><strong>partes</strong></span> <span class='ocrx_word' id='word_1_141' title='bbox 1466 2959 1500 3022; x_wconf 92' lang='lat' dir='ltr'><strong>iu</strong></span> <span class='ocrx_word' id='word_1_142' title='bbox 1528 2980 1586 3020; x_wconf 86' lang='lat' dir='ltr'><strong>sex</strong></span> <span class='ocrx_word' id='word_1_143' title='bbox 1612 2959 1705 3022; x_wconf 84' lang='lat' dir='ltr'><strong>iuxta</strong></span> <span class='ocrx_word' id='word_1_144' title='bbox 1724 2955 1836 3022; x_wconf 89' lang='lat' dir='ltr'><strong>mundi</strong></span> <span class='ocrx_word' id='word_1_145' title='bbox 1858 2979 1916 3022; x_wconf 82' lang='lat' dir='ltr'><strong>sex</strong></span> <span class='ocrx_word' id='word_1_146' title='bbox 1938 2968 2040 3020; x_wconf 90' lang='lat' dir='ltr'><strong>etates</strong></span> 
     </span>
     <span class='ocr_line' id='line_1_17' title="bbox 541 3068 2044 3160; baseline 0.002 -26"><span class='ocrx_word' id='word_1_147' title='bbox 541 3069 689 3152; x_wconf 84' lang='lat' dir='ltr'><strong>diuisum,</strong></span> <span class='ocrx_word' id='word_1_148' title='bbox 713 3071 802 3158; x_wconf 86' lang='lat' dir='ltr'><strong>prius</strong></span> <span class='ocrx_word' id='word_1_149' title='bbox 824 3068 902 3134; x_wconf 90' lang='lat' dir='ltr'><strong>alibi</strong></span> <span class='ocrx_word' id='word_1_150' title='bbox 923 3093 988 3136; x_wconf 87' lang='lat' dir='ltr'><strong>nou</strong></span> <span class='ocrx_word' id='word_1_151' title='bbox 1010 3083 1182 3160; x_wconf 90' lang='lat' dir='ltr'><strong>repertum,</strong></span> <span class='ocrx_word' id='word_1_152' title='bbox 1205 3070 1291 3158; x_wconf 89' lang='lat' dir='ltr'><strong>quod</strong></span> <span class='ocrx_word' id='word_1_153' title='bbox 1313 3071 1436 3159; x_wconf 87' lang='lat' dir='ltr'><strong>placuit</strong></span> <span class='ocrx_word' id='word_1_154' title='bbox 1455 3076 1652 3136; x_wconf 78' lang='lat' dir='ltr'><strong>rudimentum</strong></span> <span class='ocrx_word' id='word_1_155' title='bbox 1672 3077 1855 3134; x_wconf 71' lang='lat' dir='ltr'><strong>noviciorum</strong></span> <span class='ocrx_word' id='word_1_156' title='bbox 1876 3071 2044 3149; x_wconf 88' lang='lat' dir='ltr'><strong>intitulari,</strong></span> 
     </span>
     <span class='ocr_line' id='line_1_18' title="bbox 536 3183 2038 3276; baseline 0.001 -26"><span class='ocrx_word' id='word_1_157' title='bbox 536 3185 598 3250; x_wconf 90' lang='lat' dir='ltr'><strong>Dei</strong></span> <span class='ocrx_word' id='word_1_158' title='bbox 622 3183 792 3264; x_wconf 86' lang='lat' dir='ltr'><strong>adiutorio,</strong></span> <span class='ocrx_word' id='word_1_159' title='bbox 815 3187 869 3274; x_wconf 93' lang='lat' dir='ltr'><strong>qui</strong></span> <span class='ocrx_word' id='word_1_160' title='bbox 892 3209 1050 3274; x_wconf 85' lang='lat' dir='ltr'><strong>supernas</strong></span> <span class='ocrx_word' id='word_1_161' title='bbox 1071 3209 1123 3252; x_wconf 88' lang='lat' dir='ltr'><strong>res</strong></span> <span class='ocrx_word' id='word_1_162' title='bbox 1145 3209 1183 3252; x_wconf 90' lang='lat' dir='ltr'><strong>ac</strong></span> <span class='ocrx_word' id='word_1_163' title='bbox 1207 3185 1378 3252; x_wconf 87' lang='lat' dir='ltr'><strong>subternaa</strong></span> <span class='ocrx_word' id='word_1_164' title='bbox 1399 3189 1527 3252; x_wconf 80' lang='lat' dir='ltr'><strong>fortiter</strong></span> <span class='ocrx_word' id='word_1_165' title='bbox 1549 3188 1692 3254; x_wconf 90' lang='lat' dir='ltr'><strong>auauitcr</strong></span> <span class='ocrx_word' id='word_1_166' title='bbox 1714 3186 1949 3276; x_wconf 79' lang='lat' dir='ltr'><strong>tranquilleque</strong></span> <span class='ocrx_word' id='word_1_167' title='bbox 1974 3187 2038 3252; x_wconf 92' lang='lat' dir='ltr'><strong>dis·</strong></span> 
     </span>
     <span class='ocr_line' id='line_1_19' title="bbox 540 3301 2042 3390; baseline 0.003 -26"><span class='ocrx_word' id='word_1_168' title='bbox 540 3312 670 3390; x_wconf 88' lang='lat' dir='ltr'><strong>pensat,</strong></span> <span class='ocrx_word' id='word_1_169' title='bbox 694 3325 751 3382; x_wconf 81' lang='lat' dir='ltr'><strong>per</strong></span> <span class='ocrx_word' id='word_1_170' title='bbox 772 3306 944 3382; x_wconf 73' lang='lat' dir='ltr'><strong>maqiurom</strong></span> <span class='ocrx_word' id='word_1_171' title='bbox 965 3307 1078 3366; x_wconf 85' lang='lat' dir='ltr'><strong>Lucam</strong></span> <span class='ocrx_word' id='word_1_172' title='bbox 1101 3307 1236 3366; x_wconf 82' lang='lat' dir='ltr'><strong>Brundis</strong></span> <span class='ocrx_word' id='word_1_173' title='bbox 1257 3309 1293 3366; x_wconf 86' lang='lat' dir='ltr'><strong>de</strong></span> <span class='ocrx_word' id='word_1_174' title='bbox 1315 3306 1427 3366; x_wconf 70' lang='lat' dir='ltr'><strong>Sedasa</strong></span> <span class='ocrx_word' id='word_1_175' title='bbox 1447 3303 1585 3368; x_wconf 83' lang='lat' dir='ltr'><strong>feliciter</strong></span> <span class='ocrx_word' id='word_1_176' title='bbox 1604 3314 1653 3368; x_wconf 87' lang='lat' dir='ltr'><strong>est</strong></span> <span class='ocrx_word' id='word_1_177' title='bbox 1675 3325 1831 3368; x_wconf 84' lang='lat' dir='ltr'><strong>excusum</strong></span> <span class='ocrx_word' id='word_1_178' title='bbox 1852 3317 1949 3388; x_wconf 88' lang='lat' dir='ltr'><strong>atquc</strong></span> <span class='ocrx_word' id='word_1_179' title='bbox 1972 3301 2042 3368; x_wconf 82' lang='lat' dir='ltr'><strong>lini·</strong></span> 
     </span>
     <span class='ocr_line' id='line_1_20' title="bbox 538 3427 750 3504; baseline 0 -22"><span class='ocrx_word' id='word_1_180' title='bbox 538 3431 605 3482; x_wconf 88' lang='lat' dir='ltr'><strong>turn</strong></span> <span class='ocrx_word' id='word_1_181' title='bbox 625 3427 657 3482; x_wconf 86' lang='lat' dir='ltr'><strong>et</strong></span> <span class='ocrx_word' id='word_1_182' title='bbox 676 3439 706 3504; x_wconf 88' lang='lat' dir='ltr'><strong>q.</strong></span> <span class='ocrx_word' id='word_1_183' title='bbox 727 3441 750 3482; x_wconf 89' lang='lat' dir='ltr'><strong>s.</strong></span> 
     </span>
    </p>

    <p class='ocr_par' dir='ltr' id='par_1_4' title="bbox 375 3531 2042 3854">
     <span class='ocr_line' id='line_1_21' title="bbox 497 3531 2042 3622; baseline 0.003 -24"><span class='ocrx_word' id='word_1_184' title='bbox 497 3533 569 3598; x_wconf 90' lang='lat' dir='ltr'><strong>lloo</strong></span> <span class='ocrx_word' id='word_1_185' title='bbox 598 3533 630 3598; x_wconf 91' lang='lat' dir='ltr'><strong>iu</strong></span> <span class='ocrx_word' id='word_1_186' title='bbox 659 3531 742 3598; x_wconf 88' lang='lat' dir='ltr'><strong>libro</strong></span> <span class='ocrx_word' id='word_1_187' title='bbox 770 3555 790 3598; x_wconf 90' lang='lat' dir='ltr'><strong>a</strong></span> <span class='ocrx_word' id='word_1_188' title='bbox 818 3533 895 3598; x_wconf 85' lang='lat' dir='ltr'><strong>l&#39;olio</strong></span> <span class='ocrx_word' id='word_1_189' title='bbox 926 3533 1000 3599; x_wconf 91' lang='lat' dir='ltr'><strong>inde</strong></span> <span class='ocrx_word' id='word_1_190' title='bbox 1023 3533 1178 3600; x_wconf 80' lang='lat' dir='ltr'><strong>CLXlllI</strong></span> <span class='ocrx_word' id='word_1_191' title='bbox 1201 3543 1241 3610; x_wconf 63' lang='lat' dir='ltr'><strong>&#39;ai</strong></span> <span class='ocrx_word' id='word_1_192' title='bbox 1270 3557 1371 3622; x_wconf 84' lang='lat' dir='ltr'><strong>usque</strong></span> <span class='ocrx_word' id='word_1_193' title='bbox 1399 3533 1443 3598; x_wconf 88' lang='lat' dir='ltr'><strong>ad</strong></span> <span class='ocrx_word' id='word_1_194' title='bbox 1464 3533 1517 3598; x_wconf 86' lang='lat' dir='ltr'><strong>lol.</strong></span> <span class='ocrx_word' id='word_1_195' title='bbox 1540 3534 1778 3602; x_wconf 79' lang='lat' dir='ltr'><strong>chxxt&#39;llt</strong></span> <span class='ocrx_word' id='word_1_196' title='bbox 1801 3543 1841 3610; x_wconf 69' lang='lat' dir='ltr'><strong>(e)</strong></span> <span class='ocrx_word' id='word_1_197' title='bbox 1864 3537 1947 3602; x_wconf 90' lang='lat' dir='ltr'><strong>inest</strong></span> <span class='ocrx_word' id='word_1_198' title='bbox 1961 3535 2042 3602; x_wconf 91' lang='lat' dir='ltr'><strong>Bur·</strong></span> 
     </span>
     <span class='ocr_line' id='line_1_22' title="bbox 375 3647 974 3736; baseline -0.005 -19"><span class='ocrx_word' id='word_1_199' title='bbox 375 3649 488 3718; x_wconf 74' lang='lat' dir='ltr'><strong>eliardi</strong></span> <span class='ocrx_word' id='word_1_200' title='bbox 509 3647 686 3736; x_wconf 88' lang='lat' dir='ltr'><strong>descriptio</strong></span> <span class='ocrx_word' id='word_1_201' title='bbox 707 3662 813 3714; x_wconf 87' lang='lat' dir='ltr'><strong>terrae</strong></span> <span class='ocrx_word' id='word_1_202' title='bbox 833 3661 974 3716; x_wconf 83' lang='lat' dir='ltr'><strong>sanctae.</strong></span> 
     </span>
     <span class='ocr_line' id='line_1_23' title="bbox 496 3763 2041 3854; baseline 0.004 -26"><span class='ocrx_word' id='word_1_203' title='bbox 496 3763 702 3850; x_wconf 81' lang='lat' dir='ltr'><strong>Exemplum,</strong></span> <span class='ocrx_word' id='word_1_204' title='bbox 724 3787 787 3848; x_wconf 73' lang='lat' dir='ltr'><strong>(quo</strong></span> <span class='ocrx_word' id='word_1_205' title='bbox 808 3767 858 3829; x_wconf 91' lang='lat' dir='ltr'><strong>usi</strong></span> <span class='ocrx_word' id='word_1_206' title='bbox 879 3788 996 3845; x_wconf 88' lang='lat' dir='ltr'><strong>sarnus,</strong></span> <span class='ocrx_word' id='word_1_207' title='bbox 1019 3765 1159 3830; x_wconf 89' lang='lat' dir='ltr'><strong>continet</strong></span> <span class='ocrx_word' id='word_1_208' title='bbox 1178 3765 1256 3832; x_wconf 88' lang='lat' dir='ltr'><strong>l&#39;olia</strong></span> <span class='ocrx_word' id='word_1_209' title='bbox 1278 3764 1401 3852; x_wconf 87' lang='lat' dir='ltr'><strong>aliquot</strong></span> <span class='ocrx_word' id='word_1_210' title='bbox 1423 3765 1558 3846; x_wconf 88' lang='lat' dir='ltr'><strong>calamo,</strong></span> <span class='ocrx_word' id='word_1_211' title='bbox 1578 3789 1641 3832; x_wconf 91' lang='lat' dir='ltr'><strong>non</strong></span> <span class='ocrx_word' id='word_1_212' title='bbox 1658 3769 1746 3854; x_wconf 75' lang='lat' dir='ltr'><strong>typis</strong></span> <span class='ocrx_word' id='word_1_213' title='bbox 1761 3769 1893 3854; x_wconf 81' lang='lat' dir='ltr'><strong>scripta</strong></span> <span class='ocrx_word' id='word_1_214' title='bbox 1928 3770 2041 3834; x_wconf 76' lang='lat' dir='ltr'><strong>Asser-</strong></span> 
     </span>
    </p>
   </div>
   <div class='ocr_carea' id='block_1_3' title="bbox 372 3877 2041 4432">
    <p class='ocr_par' dir='ltr' id='par_1_5' title="bbox 372 3877 2041 4432">
     <span class='ocr_line' id='line_1_24' title="bbox 374 3877 2040 3972; baseline 0.002 -28"><span class='ocrx_word' id='word_1_215' title='bbox 374 3895 468 3946; x_wconf 78' lang='lat' dir='ltr'><strong>satur</strong></span> <span class='ocrx_word' id='word_1_216' title='bbox 490 3881 522 3944; x_wconf 89' lang='lat' dir='ltr'><strong>ia</strong></span> <span class='ocrx_word' id='word_1_217' title='bbox 544 3877 748 3944; x_wconf 87' lang='lat' dir='ltr'><strong>Bibliotheca</strong></span> <span class='ocrx_word' id='word_1_218' title='bbox 763 3877 1003 3966; x_wconf 85' lang='lat' dir='ltr'><strong>llamburgeusi</strong></span> <span class='ocrx_word' id='word_1_219' title='bbox 1028 3879 1166 3968; x_wconf 87' lang='lat' dir='ltr'><strong>publiea.</strong></span> <span class='ocrx_word' id='word_1_220' title='bbox 1209 3880 1269 3946; x_wconf 84' lang='lat' dir='ltr'><strong>Est</strong></span> <span class='ocrx_word' id='word_1_221' title='bbox 1296 3879 1349 3946; x_wconf 84' lang='lat' dir='ltr'><strong>ltic</strong></span> <span class='ocrx_word' id='word_1_222' title='bbox 1371 3883 1493 3968; x_wconf 88' lang='lat' dir='ltr'><strong>primus</strong></span> <span class='ocrx_word' id='word_1_223' title='bbox 1515 3881 1608 3964; x_wconf 88' lang='lat' dir='ltr'><strong>liber,</strong></span> <span class='ocrx_word' id='word_1_224' title='bbox 1629 3883 1683 3970; x_wconf 87' lang='lat' dir='ltr'><strong>qui</strong></span> <span class='ocrx_word' id='word_1_225' title='bbox 1705 3881 1856 3948; x_wconf 87' lang='lat' dir='ltr'><strong>Lubeeae</strong></span> <span class='ocrx_word' id='word_1_226' title='bbox 1875 3885 1963 3972; x_wconf 76' lang='lat' dir='ltr'><strong>typis</strong></span> <span class='ocrx_word' id='word_1_227' title='bbox 1984 3909 2040 3950; x_wconf 81' lang='lat' dir='ltr'><strong>ex·</strong></span> 
     </span>
     <span class='ocr_line' id='line_1_25' title="bbox 375 3995 2041 4086; baseline 0.004 -26"><span class='ocrx_word' id='word_1_228' title='bbox 375 4017 505 4086; x_wconf 85' lang='lat' dir='ltr'><strong>pressus</strong></span> <span class='ocrx_word' id='word_1_229' title='bbox 535 4005 593 4058; x_wconf 82' lang='lat' dir='ltr'><strong>est.</strong></span> <span class='ocrx_word' id='word_1_230' title='bbox 636 3995 771 4082; x_wconf 89' lang='lat' dir='ltr'><strong>Deque</strong></span> <span class='ocrx_word' id='word_1_231' title='bbox 794 3995 859 4060; x_wconf 88' lang='lat' dir='ltr'><strong>vid.</strong></span> <span class='ocrx_word' id='word_1_232' title='bbox 881 3995 982 4060; x_wconf 82' lang='lat' dir='ltr'><strong>Ebert</strong></span> <span class='ocrx_word' id='word_1_233' title='bbox 1007 4019 1037 4060; x_wconf 93' lang='lat' dir='ltr'><strong>n.</strong></span> <span class='ocrx_word' id='word_1_234' title='bbox 1065 4001 1161 4065; x_wconf 69' lang='grc'><strong>19548</strong></span> <span class='ocrx_word' id='word_1_235' title='bbox 1182 4009 1213 4062; x_wconf 91' lang='lat' dir='ltr'><strong>et</strong></span> <span class='ocrx_word' id='word_1_236' title='bbox 1233 3997 1308 4064; x_wconf 83' lang='lat' dir='ltr'><strong>Joh.</strong></span> <span class='ocrx_word' id='word_1_237' title='bbox 1333 3997 1519 4062; x_wconf 74' lang='lat' dir='ltr'><strong>llcukmaau</strong></span> <span class='ocrx_word' id='word_1_238' title='bbox 1540 3997 1717 4064; x_wconf 88' lang='lat' dir='ltr'><strong>Litteratur</strong></span> <span class='ocrx_word' id='word_1_239' title='bbox 1743 3997 1802 4064; x_wconf 87' lang='lat' dir='ltr'><strong>der</strong></span> <span class='ocrx_word' id='word_1_240' title='bbox 1823 3999 1946 4066; x_wconf 87' lang='lat' dir='ltr'><strong>ttlterea</strong></span> <span class='ocrx_word' id='word_1_241' title='bbox 1969 4001 2041 4066; x_wconf 79' lang='lat' dir='ltr'><strong>llei-</strong></span> 
     </span>
     <span class='ocr_line' id='line_1_26' title="bbox 375 4107 2041 4200; baseline 0.004 -24"><span class='ocrx_word' id='word_1_242' title='bbox 375 4107 687 4196; x_wconf 81' lang='lat' dir='ltr'><strong>sebescbreibungeu</strong></span> <span class='ocrx_word' id='word_1_243' title='bbox 703 4107 772 4176; x_wconf 88' lang='lat' dir='ltr'><strong>Vol.</strong></span> <span class='ocrx_word' id='word_1_244' title='bbox 788 4110 818 4176; x_wconf 90' lang='grc' dir='ltr'><em>Π</em></span> <span class='ocrx_word' id='word_1_245' title='bbox 836 4113 948 4198; x_wconf 90' lang='lat' dir='ltr'><strong>partie.</strong></span> <span class='ocrx_word' id='word_1_246' title='bbox 964 4111 977 4178; x_wconf 93' lang='lat' dir='ltr'><strong>l</strong></span> <span class='ocrx_word' id='word_1_247' title='bbox 996 4135 1025 4197; x_wconf 87' lang='lat' dir='ltr'><strong>p.</strong></span> <span class='ocrx_word' id='word_1_248' title='bbox 1039 4119 1077 4180; x_wconf 82' lang='lat' dir='ltr'><strong>tt</strong></span> <span class='ocrx_word' id='word_1_249' title='bbox 1097 4137 1166 4200; x_wconf 91' lang='lat' dir='ltr'><strong>sqq.</strong></span> <span class='ocrx_word' id='word_1_250' title='bbox 1182 4149 1221 4160; x_wconf 89' lang='lat'>-</span> <span class='ocrx_word' id='word_1_251' title='bbox 1243 4111 1336 4178; x_wconf 81' lang='lat' dir='ltr'><strong>Folio</strong></span> <span class='ocrx_word' id='word_1_252' title='bbox 1354 4113 1508 4180; x_wconf 80' lang='lat' dir='ltr'><strong>CLXllll</strong></span> <span class='ocrx_word' id='word_1_253' title='bbox 1524 4137 1618 4178; x_wconf 82' lang='lat' dir='ltr'><strong>verso</strong></span> <span class='ocrx_word' id='word_1_254' title='bbox 1634 4113 1766 4198; x_wconf 84' lang='lat' dir='ltr'><strong>legitur:</strong></span> <span class='ocrx_word' id='word_1_255' title='bbox 1786 4114 1868 4200; x_wconf 79' lang='lat' dir='ltr'><strong>Ego,</strong></span> <span class='ocrx_word' id='word_1_256' title='bbox 1883 4115 2041 4182; x_wconf 84' lang='lat' dir='ltr'><strong>Borcbar·</strong></span> 
     </span>
     <span class='ocr_line' id='line_1_27' title="bbox 372 4226 2041 4320; baseline 0.001 -26"><span class='ocrx_word' id='word_1_257' title='bbox 372 4231 450 4312; x_wconf 91' lang='lat' dir='ltr'><strong>dus,</strong></span> <span class='ocrx_word' id='word_1_258' title='bbox 484 4226 701 4316; x_wconf 79' lang='lat' dir='ltr'><strong>professorum</strong></span> <span class='ocrx_word' id='word_1_259' title='bbox 727 4248 819 4291; x_wconf 88' lang='lat' dir='ltr'><strong>sacre</strong></span> <span class='ocrx_word' id='word_1_260' title='bbox 842 4229 959 4314; x_wconf 82' lang='lat' dir='ltr'><strong>pagine</strong></span> <span class='ocrx_word' id='word_1_261' title='bbox 981 4228 1148 4301; x_wconf 87' lang='lat' dir='ltr'><strong>minimus,</strong></span> <span class='ocrx_word' id='word_1_262' title='bbox 1171 4243 1324 4316; x_wconf 87' lang='lat' dir='ltr'><strong>quanttuu</strong></span> <span class='ocrx_word' id='word_1_263' title='bbox 1346 4251 1488 4316; x_wconf 86' lang='lat' dir='ltr'><strong>possum,</strong></span> <span class='ocrx_word' id='word_1_264' title='bbox 1510 4244 1630 4296; x_wconf 87' lang='lat' dir='ltr'><strong>terram</strong></span> <span class='ocrx_word' id='word_1_265' title='bbox 1652 4231 1764 4301; x_wconf 82' lang='lat' dir='ltr'><strong>istam.</strong></span> <span class='ocrx_word' id='word_1_266' title='bbox 1786 4253 1882 4318; x_wconf 92' lang='lat' dir='ltr'><strong>quam</strong></span> <span class='ocrx_word' id='word_1_267' title='bbox 1904 4231 2041 4320; x_wconf 84' lang='lat' dir='ltr'><strong>pedibus</strong></span> 
     </span>
     <span class='ocr_line' id='line_1_28' title="bbox 375 4341 1489 4432; baseline -0.002 -20"><span class='ocrx_word' id='word_1_268' title='bbox 375 4347 454 4412; x_wconf 83' lang='lat' dir='ltr'><strong>meis</strong></span> <span class='ocrx_word' id='word_1_269' title='bbox 477 4341 598 4432; x_wconf 86' lang='lat' dir='ltr'><strong>pluries</strong></span> <span class='ocrx_word' id='word_1_270' title='bbox 621 4343 827 4430; x_wconf 89' lang='lat' dir='ltr'><strong>pertransiui,</strong></span> <span class='ocrx_word' id='word_1_271' title='bbox 848 4353 1000 4430; x_wconf 89' lang='lat' dir='ltr'><strong>quantum</strong></span> <span class='ocrx_word' id='word_1_272' title='bbox 1022 4345 1109 4432; x_wconf 88' lang='lat' dir='ltr'><strong>potui</strong></span> <span class='ocrx_word' id='word_1_273' title='bbox 1132 4343 1334 4410; x_wconf 89' lang='lat' dir='ltr'><strong>consideraui</strong></span> <span class='ocrx_word' id='word_1_274' title='bbox 1358 4357 1389 4408; x_wconf 88' lang='lat' dir='ltr'><strong>et</strong></span> <span class='ocrx_word' id='word_1_275' title='bbox 1408 4367 1439 4432; x_wconf 93' lang='lat' dir='ltr'><strong>q.</strong></span> <span class='ocrx_word' id='word_1_276' title='bbox 1462 4369 1489 4410; x_wconf 88' lang='lat' dir='ltr'><strong>a.</strong></span> 
     </span>
    </p>
   </div>
   <div class='ocr_carea' id='block_1_4' title="bbox 377 4461 895 4541">
    <p class='ocr_par' dir='ltr' id='par_1_6' title="bbox 377 4461 895 4541">
     <span class='ocr_line' id='line_1_29' title="bbox 377 4461 895 4541; baseline 0 -1"><span class='ocrx_word' id='word_1_277' title='bbox 377 4463 494 4540; x_wconf 64' lang='lat' dir='ltr'><strong>lulum</strong></span> <span class='ocrx_word' id='word_1_278' title='bbox 519 4461 561 4536; x_wconf 89' lang='lat' dir='ltr'><strong>II</strong></span> <span class='ocrx_word' id='word_1_279' title='bbox 581 4481 667 4541; x_wconf 75' lang='lat' dir='ltr'><strong>roro.</strong></span> <span class='ocrx_word' id='word_1_280' title='bbox 704 4477 837 4536; x_wconf 62' lang='lat' dir='ltr'><strong>taetra.</strong></span> <span class='ocrx_word' id='word_1_281' title='bbox 867 4481 895 4540; x_wconf 73' lang='lat' dir='ltr'><strong>s.</strong></span> 
     </span>
    </p>
   </div>
   <div class='ocr_carea' id='block_1_5' title="bbox 494 4589 2040 5952">
    <p class='ocr_par' dir='ltr' id='par_1_7' title="bbox 539 4589 2040 4912">
     <span class='ocr_line' id='line_1_30' title="bbox 542 4589 2040 4678; baseline 0.004 -22"><span class='ocrx_word' id='word_1_282' title='bbox 542 4589 694 4656; x_wconf 76' lang='lat' dir='ltr'><strong>Veridico</strong></span> <span class='ocrx_word' id='word_1_283' title='bbox 716 4603 808 4654; x_wconf 90' lang='lat' dir='ltr'><strong>terre</strong></span> <span class='ocrx_word' id='word_1_284' title='bbox 831 4603 954 4654; x_wconf 88' lang='lat' dir='ltr'><strong>sancte:</strong></span> <span class='ocrx_word' id='word_1_285' title='bbox 984 4592 1214 4678; x_wconf 90' lang='lat' dir='ltr'><strong>regionumque</strong></span> <span class='ocrx_word' id='word_1_286' title='bbox 1235 4593 1460 4658; x_wconf 83' lang='lat' dir='ltr'><strong>finitimarum:</strong></span> <span class='ocrx_word' id='word_1_287' title='bbox 1489 4615 1529 4658; x_wconf 87' lang='lat' dir='ltr'><strong>ac</strong></span> <span class='ocrx_word' id='word_1_288' title='bbox 1551 4593 1585 4658; x_wconf 92' lang='lat' dir='ltr'><strong>iu</strong></span> <span class='ocrx_word' id='word_1_289' title='bbox 1605 4595 1651 4658; x_wconf 91' lang='lat' dir='ltr'><strong>eis</strong></span> <span class='ocrx_word' id='word_1_290' title='bbox 1670 4594 1676 4676; x_wconf 86' lang='grc' dir='ltr'>Ι</span> <span class='ocrx_word' id='word_1_291' title='bbox 1694 4592 1889 4660; x_wconf 87' lang='lat' dir='ltr'><strong>mirabilium</strong></span> <span class='ocrx_word' id='word_1_292' title='bbox 1913 4595 2040 4662; x_wconf 66' lang='lat' dir='ltr'><strong>de&#39;scri·</strong></span> 
     </span>
     <span class='ocr_line' id='line_1_31' title="bbox 539 4705 1202 4796; baseline 0.003 -26"><span class='ocrx_word' id='word_1_293' title='bbox 539 4707 616 4796; x_wconf 88' lang='lat' dir='ltr'><strong>ptio.</strong></span> <span class='ocrx_word' id='word_1_294' title='bbox 660 4705 822 4794; x_wconf 77' lang='lat' dir='ltr'><strong>Nusquam</strong></span> <span class='ocrx_word' id='word_1_295' title='bbox 842 4709 848 4784; x_wconf 81' lang='grc' dir='ltr'>Ι</span> <span class='ocrx_word' id='word_1_296' title='bbox 866 4707 1002 4772; x_wconf 88' lang='lat' dir='ltr'><strong>antehae</strong></span> <span class='ocrx_word' id='word_1_297' title='bbox 1025 4707 1202 4796; x_wconf 87' lang='lat' dir='ltr'><strong>itu!pressa.</strong></span> 
     </span>
     <span class='ocr_line' id='line_1_32' title="bbox 581 4819 2038 4912; baseline 0.004 -26"><span class='ocrx_word' id='word_1_298' title='bbox 581 4819 784 4910; x_wconf 83' lang='lat' dir='ltr'><strong>Subscriptio</strong></span> <span class='ocrx_word' id='word_1_299' title='bbox 814 4820 892 4886; x_wconf 90' lang='lat' dir='ltr'><strong>bace</strong></span> <span class='ocrx_word' id='word_1_300' title='bbox 915 4833 978 4888; x_wconf 89' lang='lat' dir='ltr'><strong>est:</strong></span> <span class='ocrx_word' id='word_1_301' title='bbox 1007 4823 1204 4912; x_wconf 83' lang='lat' dir='ltr'><strong>lrnpresstuu</strong></span> <span class='ocrx_word' id='word_1_302' title='bbox 1228 4823 1373 4912; x_wconf 67' lang='lat' dir='ltr'><strong>[erretijs</strong></span> <span class='ocrx_word' id='word_1_303' title='bbox 1395 4825 1427 4888; x_wconf 90' lang='lat' dir='ltr'><strong>iu</strong></span> <span class='ocrx_word' id='word_1_304' title='bbox 1455 4820 1571 4888; x_wconf 85' lang='lat' dir='ltr'><strong>edibus</strong></span> <span class='ocrx_word' id='word_1_305' title='bbox 1591 4823 1721 4889; x_wconf 89' lang='lat' dir='ltr'><strong>loannis</strong></span> <span class='ocrx_word' id='word_1_306' title='bbox 1743 4825 1881 4890; x_wconf 78' lang='lat' dir='ltr'><strong>&#39;l‘aeuini</strong></span> <span class='ocrx_word' id='word_1_307' title='bbox 1905 4825 1947 4890; x_wconf 87' lang='lat' dir='ltr'><strong>‹le</strong></span> <span class='ocrx_word' id='word_1_308' title='bbox 1968 4827 2038 4892; x_wconf 82' lang='lat' dir='ltr'><strong>Tri·</strong></span> 
     </span>
    </p>

    <p class='ocr_par' dir='ltr' id='par_1_8' title="bbox 539 4935 2040 5028">
     <span class='ocr_line' id='line_1_33' title="bbox 539 4935 2040 5028; baseline 0 -24"><span class='ocrx_word' id='word_1_309' title='bbox 539 4937 631 5021; x_wconf 93' lang='lat' dir='ltr'><strong>dino,</strong></span> <span class='ocrx_word' id='word_1_310' title='bbox 657 4959 742 5002; x_wconf 89' lang='lat' dir='ltr'><strong>anuo</strong></span> <span class='ocrx_word' id='word_1_311' title='bbox 765 4935 944 5002; x_wconf 76' lang='lat' dir='ltr'><strong>bl.ll.XlX.</strong></span> <span class='ocrx_word' id='word_1_312' title='bbox 972 4937 1024 5003; x_wconf 91' lang='lat' dir='ltr'><strong>die</strong></span> <span class='ocrx_word' id='word_1_313' title='bbox 1047 4937 1090 5004; x_wconf 79' lang='lat' dir='ltr'><strong>ll&#39;</strong></span> <span class='ocrx_word' id='word_1_314' title='bbox 1113 4941 1231 5006; x_wconf 82' lang='lat' dir='ltr'><strong>rsterrsis</strong></span> <span class='ocrx_word' id='word_1_315' title='bbox 1252 4939 1391 5028; x_wconf 77' lang='lat' dir='ltr'><strong>Aprilis.</strong></span> <span class='ocrx_word' id='word_1_316' title='bbox 1419 4952 1575 5022; x_wconf 85' lang='lat' dir='ltr'><strong>regnanto</strong></span> <span class='ocrx_word' id='word_1_317' title='bbox 1597 4937 1706 5004; x_wconf 90' lang='lat' dir='ltr'><strong>inclito</strong></span> <span class='ocrx_word' id='word_1_318' title='bbox 1727 4939 1899 5005; x_wconf 76' lang='lat' dir='ltr'><strong>Lesrsrsudo</strong></span> <span class='ocrx_word' id='word_1_319' title='bbox 1921 4941 2040 5008; x_wconf 75' lang='lat' dir='ltr'><strong>laure-</strong></span> 
     </span>
    </p>

    <p class='ocr_par' dir='ltr' id='par_1_9' title="bbox 494 5053 792 5142">
     <span class='ocr_line' id='line_1_34' title="bbox 494 5053 792 5142; baseline -0.02 -21"><span class='ocrx_word' id='word_1_320' title='bbox 494 5118 495 5121; x_wconf 74' lang='grc'>,</span> <span class='ocrx_word' id='word_1_321' title='bbox 538 5067 615 5120; x_wconf 91' lang='lat' dir='ltr'><strong>tano</strong></span> <span class='ocrx_word' id='word_1_322' title='bbox 636 5053 792 5142; x_wconf 88' lang='lat' dir='ltr'><strong>principe.</strong></span> 
     </span>
    </p>

    <p class='ocr_par' dir='ltr' id='par_1_10' title="bbox 496 5169 1549 5256">
     <span class='ocr_line' id='line_1_35' title="bbox 496 5169 1549 5256; baseline 0.001 -21"><span class='ocrx_word' id='word_1_323' title='bbox 496 5169 640 5256; x_wconf 84' lang='lat' dir='ltr'><strong>l&#39;agiuae</strong></span> <span class='ocrx_word' id='word_1_324' title='bbox 662 5169 807 5254; x_wconf 83' lang='lat' dir='ltr'><strong>singulae</strong></span> <span class='ocrx_word' id='word_1_325' title='bbox 830 5171 971 5236; x_wconf 89' lang='lat' dir='ltr'><strong>numeris</strong></span> <span class='ocrx_word' id='word_1_326' title='bbox 992 5183 1113 5252; x_wconf 86' lang='lat' dir='ltr'><strong>carent,</strong></span> <span class='ocrx_word' id='word_1_327' title='bbox 1135 5171 1323 5236; x_wconf 85' lang='lat' dir='ltr'><strong>custodibus</strong></span> <span class='ocrx_word' id='word_1_328' title='bbox 1342 5195 1406 5237; x_wconf 93' lang='lat' dir='ltr'><strong>non</strong></span> <span class='ocrx_word' id='word_1_329' title='bbox 1427 5186 1549 5236; x_wconf 84' lang='lat' dir='ltr'><strong>carcat.</strong></span> 
     </span>
    </p>

    <p class='ocr_par' dir='ltr' id='par_1_11' title="bbox 497 5285 2040 5835">
     <span class='ocr_line' id='line_1_36' title="bbox 497 5285 924 5372; baseline -0.005 -20"><span class='ocrx_word' id='word_1_330' title='bbox 497 5285 658 5352; x_wconf 85' lang='lat' dir='ltr'><strong>Praelatio</strong></span> <span class='ocrx_word' id='word_1_331' title='bbox 681 5287 837 5372; x_wconf 89' lang='lat' dir='ltr'><strong>iuscripta</strong></span> <span class='ocrx_word' id='word_1_332' title='bbox 859 5301 924 5350; x_wconf 85' lang='lat' dir='ltr'><strong>est:</strong></span> 
     </span>
     <span class='ocr_line' id='line_1_37' title="bbox 538 5400 2040 5492; baseline 0.002 -26"><span class='ocrx_word' id='word_1_333' title='bbox 538 5400 589 5466; x_wconf 76' lang='lat' dir='ltr'><strong>Ad</strong></span> <span class='ocrx_word' id='word_1_334' title='bbox 611 5401 820 5467; x_wconf 86' lang='lat' dir='ltr'><strong>reverendum</strong></span> <span class='ocrx_word' id='word_1_335' title='bbox 843 5403 875 5466; x_wconf 91' lang='lat' dir='ltr'><strong>iu</strong></span> <span class='ocrx_word' id='word_1_336' title='bbox 892 5401 1021 5468; x_wconf 83' lang='lat' dir='ltr'><strong>Christo</strong></span> <span class='ocrx_word' id='word_1_337' title='bbox 1043 5417 1167 5490; x_wconf 90' lang='lat' dir='ltr'><strong>patrem</strong></span> <span class='ocrx_word' id='word_1_338' title='bbox 1186 5402 1412 5468; x_wconf 86' lang='lat' dir='ltr'><strong>Eberhardum</strong></span> <span class='ocrx_word' id='word_1_339' title='bbox 1433 5401 1474 5467; x_wconf 90' lang='lat' dir='ltr'><strong>de</strong></span> <span class='ocrx_word' id='word_1_340' title='bbox 1492 5403 1595 5470; x_wconf 73' lang='lat' dir='ltr'><strong>t&#39;liuis</strong></span> <span class='ocrx_word' id='word_1_341' title='bbox 1615 5439 1653 5450; x_wconf 87' lang='lat'><strong>—-</strong></span> <span class='ocrx_word' id='word_1_342' title='bbox 1671 5425 1764 5466; x_wconf 85' lang='lat' dir='ltr'><strong>sacre</strong></span> <span class='ocrx_word' id='word_1_343' title='bbox 1783 5401 1945 5485; x_wconf 74' lang='lat' dir='ltr'><strong>tbeslogie</strong></span> <span class='ocrx_word' id='word_1_344' title='bbox 1967 5427 2040 5492; x_wconf 88' lang='lat' dir='ltr'><strong>pro·</strong></span> 
     </span>
     <span class='ocr_line' id='line_1_38' title="bbox 538 5515 2039 5606; baseline 0.003 -24"><span class='ocrx_word' id='word_1_345' title='bbox 538 5519 709 5596; x_wconf 84' lang='lat' dir='ltr'><strong>sessorem,</strong></span> <span class='ocrx_word' id='word_1_346' title='bbox 738 5519 903 5604; x_wconf 87' lang='lat' dir='ltr'><strong>prouincia</strong></span> <span class='ocrx_word' id='word_1_347' title='bbox 925 5515 1127 5584; x_wconf 89' lang='lat' dir='ltr'><strong>Thcutbonic</strong></span> <span class='ocrx_word' id='word_1_348' title='bbox 1149 5518 1284 5584; x_wconf 82' lang='lat' dir='ltr'><strong>fratrum</strong></span> <span class='ocrx_word' id='word_1_349' title='bbox 1306 5517 1430 5584; x_wconf 86' lang='lat' dir='ltr'><strong>ordinis</strong></span> <span class='ocrx_word' id='word_1_350' title='bbox 1454 5517 1662 5606; x_wconf 87' lang='lat' dir='ltr'><strong>predicatorii</strong></span> <span class='ocrx_word' id='word_1_351' title='bbox 1686 5517 1829 5582; x_wconf 86' lang='lat' dir='ltr'><strong>l&#39;riorem</strong></span> <span class='ocrx_word' id='word_1_352' title='bbox 1852 5516 2039 5586; x_wconf 82' lang='lat' dir='ltr'><strong>Prouincia-</strong></span> 
     </span>
     <span class='ocr_line' id='line_1_39' title="bbox 539 5630 2039 5720; baseline 0.002 -23"><span class='ocrx_word' id='word_1_353' title='bbox 539 5630 601 5697; x_wconf 89' lang='lat' dir='ltr'><strong>lem</strong></span> <span class='ocrx_word' id='word_1_354' title='bbox 627 5633 748 5720; x_wconf 89' lang='lat' dir='ltr'><strong>optime</strong></span> <span class='ocrx_word' id='word_1_355' title='bbox 781 5634 946 5716; x_wconf 89' lang='lat' dir='ltr'><strong>meritum,</strong></span> <span class='ocrx_word' id='word_1_356' title='bbox 977 5635 1076 5698; x_wconf 79' lang='lat' dir='ltr'><strong>frater</strong></span> <span class='ocrx_word' id='word_1_357' title='bbox 1097 5632 1233 5699; x_wconf 89' lang='lat' dir='ltr'><strong>loannes</strong></span> <span class='ocrx_word' id='word_1_358' title='bbox 1264 5633 1349 5700; x_wconf 87' lang='lat' dir='ltr'><strong>llost</strong></span> <span class='ocrx_word' id='word_1_359' title='bbox 1376 5633 1417 5698; x_wconf 92' lang='lat' dir='ltr'><strong>de</strong></span> <span class='ocrx_word' id='word_1_360' title='bbox 1441 5631 1621 5700; x_wconf 83' lang='lat' dir='ltr'><strong>Rombcreb</strong></span> <span class='ocrx_word' id='word_1_361' title='bbox 1650 5633 1866 5720; x_wconf 79' lang='lat' dir='ltr'><strong>liyrspcusis,</strong></span> <span class='ocrx_word' id='word_1_362' title='bbox 1896 5635 2039 5700; x_wconf 71' lang='lat' dir='ltr'><strong>eiusdem</strong></span> 
     </span>
     <span class='ocr_line' id='line_1_40' title="bbox 538 5745 1098 5835; baseline 0.004 -23"><span class='ocrx_word' id='word_1_363' title='bbox 538 5745 661 5812; x_wconf 89' lang='lat' dir='ltr'><strong>ordinis</strong></span> <span class='ocrx_word' id='word_1_364' title='bbox 684 5761 714 5812; x_wconf 86' lang='lat' dir='ltr'><strong>et</strong></span> <span class='ocrx_word' id='word_1_365' title='bbox 736 5750 917 5835; x_wconf 90' lang='lat' dir='ltr'><strong>prouincie,</strong></span> <span class='ocrx_word' id='word_1_366' title='bbox 941 5750 974 5814; x_wconf 82' lang='lat' dir='ltr'><strong>S.</strong></span> <span class='ocrx_word' id='word_1_367' title='bbox 997 5749 1032 5814; x_wconf 90' lang='lat' dir='ltr'><strong>P.</strong></span> <span class='ocrx_word' id='word_1_368' title='bbox 1057 5749 1098 5816; x_wconf 80' lang='lat' dir='ltr'><strong>l).</strong></span> 
     </span>
    </p>

    <p class='ocr_par' dir='ltr' id='par_1_12' title="bbox 495 5861 2039 5952">
     <span class='ocr_line' id='line_1_41' title="bbox 495 5861 2039 5952; baseline 0.002 -26"><span class='ocrx_word' id='word_1_369' title='bbox 495 5861 648 5928; x_wconf 84' lang='lat' dir='ltr'><strong>Testatur</strong></span> <span class='ocrx_word' id='word_1_370' title='bbox 670 5865 701 5928; x_wconf 91' lang='lat' dir='ltr'><strong>iu</strong></span> <span class='ocrx_word' id='word_1_371' title='bbox 724 5863 785 5930; x_wconf 89' lang='lat' dir='ltr'><strong>bae</strong></span> <span class='ocrx_word' id='word_1_372' title='bbox 801 5863 937 5952; x_wconf 90' lang='lat' dir='ltr'><strong>epistola</strong></span> <span class='ocrx_word' id='word_1_373' title='bbox 952 5865 1086 5930; x_wconf 89' lang='lat' dir='ltr'><strong>loannes</strong></span> <span class='ocrx_word' id='word_1_374' title='bbox 1102 5865 1195 5941; x_wconf 90' lang='lat' dir='ltr'><strong>llost,</strong></span> <span class='ocrx_word' id='word_1_375' title='bbox 1218 5889 1252 5930; x_wconf 89' lang='lat' dir='ltr'><strong>se</strong></span> <span class='ocrx_word' id='word_1_376' title='bbox 1269 5887 1289 5930; x_wconf 90' lang='lat' dir='ltr'><strong>a</strong></span> <span class='ocrx_word' id='word_1_377' title='bbox 1305 5865 1406 5930; x_wconf 78' lang='lat' dir='ltr'><strong>fratre</strong></span> <span class='ocrx_word' id='word_1_378' title='bbox 1426 5865 1658 5952; x_wconf 71' lang='lat' dir='ltr'><strong>Chrysostomo</strong></span> <span class='ocrx_word' id='word_1_379' title='bbox 1672 5861 1712 5928; x_wconf 89' lang='lat' dir='ltr'><strong>de</strong></span> <span class='ocrx_word' id='word_1_380' title='bbox 1727 5863 1850 5935; x_wconf 73' lang='lat' dir='ltr'><strong>t&#39;usali,</strong></span> <span class='ocrx_word' id='word_1_381' title='bbox 1867 5867 2039 5952; x_wconf 73' lang='lat' dir='ltr'><strong>(lymuasii</strong></span> 
     </span>
    </p>
   </div>
   <div class='ocr_carea' id='block_1_6' title="bbox 371 5977 2039 6150">
    <p class='ocr_par' dir='ltr' id='par_1_13' title="bbox 371 5977 2039 6150">
     <span class='ocr_line' id='line_1_42' title="bbox 371 5977 2039 6070; baseline 0.002 -28"><span class='ocrx_word' id='word_1_382' title='bbox 371 5977 584 6043; x_wconf 67' lang='lat' dir='ltr'><strong>Bernonieasis</strong></span> <span class='ocrx_word' id='word_1_383' title='bbox 603 5979 755 6066; x_wconf 83' lang='lat' dir='ltr'><strong>Regeate,</strong></span> <span class='ocrx_word' id='word_1_384' title='bbox 778 5979 966 6068; x_wconf 87' lang='lat' dir='ltr'><strong>opuseulum</strong></span> <span class='ocrx_word' id='word_1_385' title='bbox 991 5979 1148 6066; x_wconf 83' lang='lat' dir='ltr'><strong>perbrcue</strong></span> <span class='ocrx_word' id='word_1_386' title='bbox 1169 5979 1396 6070; x_wconf 87' lang='lat' dir='ltr'><strong>descriptionis</strong></span> <span class='ocrx_word' id='word_1_387' title='bbox 1419 5994 1526 6044; x_wconf 87' lang='lat' dir='ltr'><strong>terrae</strong></span> <span class='ocrx_word' id='word_1_388' title='bbox 1549 5995 1680 6046; x_wconf 88' lang='lat' dir='ltr'><strong>sanctae</strong></span> <span class='ocrx_word' id='word_1_389' title='bbox 1700 6003 1720 6044; x_wconf 88' lang='lat' dir='ltr'><strong>a</strong></span> <span class='ocrx_word' id='word_1_390' title='bbox 1742 5977 1918 6044; x_wconf 82' lang='lat' dir='ltr'><strong>reuerabili</strong></span> <span class='ocrx_word' id='word_1_391' title='bbox 1942 5981 2039 6046; x_wconf 80' lang='lat' dir='ltr'><strong>l’atre</strong></span> 
     </span>
     <span class='ocr_line' id='line_1_43' title="bbox 1793 6099 1828 6150; baseline 0 -30"><span class='ocrx_word' id='word_1_392' title='bbox 1793 6099 1828 6150; x_wconf 80' lang='lat'><strong>².</strong></span> 
     </span>
    </p>
   </div>
   <div class='ocr_carea' id='block_1_7' title="bbox 0 0 2646 7042">
    <p class='ocr_par' dir='ltr' id='par_1_14' title="bbox 0 0 2646 7042">
     <span class='ocr_line' id='line_1_44' title="bbox 0 0 2646 7042; baseline 0 2"><span class='ocrx_word' id='word_1_393' title='bbox 0 0 2646 7042; x_wconf 95' lang='lat' dir='ltr'><strong> </strong></span> 
     </span>
    </p>
   </div>
  </div>
 </body>
</html>
