5284 7042
1416 725 1454 789 78

602 901 642 968 de
664 901 751 967 tribu
772 902 952 984 Beniamin,
976 903 1093 987 partim
1116 901 1156 966 dc
1177 901 1265 966 tribu
1285 901 1432 988 Effraym
1456 913 1544 984 erat,
1569 903 1633 967 sita
1653 912 1760 967 tamen
1781 902 1817 964 in
1837 911 1945 965 monte
1965 899 2123 984 Effraym.
2164 896 2272 964 Pleni-

601 1021 666 1084 cies
687 1019 771 1083 enim
792 1017 848 1082 illa
871 1019 917 1082 sic
939 1015 1138 1104 appellatur,
1165 1015 1240 1082 licet
1264 1039 1356 1082 mons
1374 1040 1438 1082 non
1458 1021 1514 1100 sit,
1548 1017 1606 1083 sed
1627 1039 1771 1105 campos.
1812 1016 1912 1081 Dicta
1932 1016 1994 1081 fuit
2014 1019 2201 1089 Arimottr'a,
2231 1011 2273 1077 de

601 1157 664 1220 qua
685 1135 821 1220 Ioseph,
848 1131 965 1198 nobilis
987 1132 1132 1215 decurio,
1161 1135 1215 1217 qui
1244 1133 1373 1220 sepliuit
1392 1133 1580 1199 Dominum.
1622 1131 1752 1198 Samuel
1781 1133 1941 1219 prophete
1964 1141 2036 1196 erat
2064 1129 2105 1194 de
2126 1129 2273 1208 eadem)

601 1249 756 1348 oriundus
779 1259 810 1314 et
830 1251 864 1312 iu
884 1270 923 1312 ea
945 1247 1097 1334 sepultus.
1138 1247 1247 1316 Hodie
1270 1249 1389 1314 dicitur
1409 1251 1619 1322 Romatowt.

568 1369 583 1419 ⁸
725 1365 778 1430 De
799 1361 937 1429 Ramula
964 1363 1068 1430 tribus
1097 1365 1198 1430 leucis
1225 1375 1339 1430 contra
1365 1363 1565 1429 occidentem
1597 1376 1645 1429 est
1667 1370 1760 1444 Ioppe
1780 1365 1912 1444 ciuitas,
1939 1362 1996 1426 ubi
2016 1361 2114 1427 Ionas
2140 1362 2273 1426 intrauit

601 1505 729 1564 nauem,
750 1479 862 1546 uolens
882 1481 993 1565 fugere
1016 1502 1036 1544 a
1056 1481 1139 1546 facie
1159 1481 1293 1546 Domini
1313 1483 1347 1545 in
1369 1479 1515 1558 Tharais,
1538 1480 1598 1546 hoc
1620 1493 1669 1546 est
1693 1479 1737 1544 ad
1757 1479 1879 1544 insulas
1901 1479 2011 1544 maris.

568 1607 584 1656 1
729 1596 797 1662 Sub
820 1617 859 1660 ea
880 1607 928 1660 est
948 1599 1100 1674 lemniae)
1113 1599 1185 1678 ⁵⁵⁸),
1208 1609 1320 1684 portus
1343 1596 1427 1660 alius
1446 1594 1561 1678 ludee,
1589 1595 1633 1660 ad
1653 1597 1685 1662 Π
1705 1596 1815 1661 leucas
1836 1606 1950 1662 contra
1970 1604 2125 1658 austrum.
2168 1592 2273 1672 Quem

603 1723 731 1800 portum
754 1715 840 1799 cepit
860 1711 959 1776 Iudas
979 1711 1178 1778 Machabeus
1198 1724 1229 1778 et
1252 1712 1424 1778 succendit.

553 1843 585 1894 tc
726 1827 778 1892 Dc
799 1827 974 1892 Ierusalem
993 1829 1025 1892 Π
1045 1828 1144 1894 leucis
1167 1839 1279 1894 contra
1301 1840 1446 1894 austrum
1466 1830 1528 1894 sita
1551 1841 1600 1894 est
1613 1834 1780 1892 Bethlehem
1789 1831 1858 1908 ⁵⁶⁰),
1878 1830 1994 1892 ciuitas
2007 1824 2065 1890 ills
2077 1825 2148 1888 ueri
2161 1823 2272 1888 Dauid

603 1951 707 2021 ortus)
729 1945 882 2029 insignis,
910 1945 942 2008 in
965 1947 1097 2008 sinistra
1117 1955 1210 2030 parte
1231 1947 1298 2027 uie,
1328 1968 1389 2032 que
1411 1944 1500 2010 ducit
1520 1945 1642 2026 Bbron,
1663 1956 1757 2010 extra
1779 1945 1867 2009 uiam
1887 1953 1996 2008 tamen
2015 1941 2059 2005 ad
2079 1941 2202 2005 iactum
2223 1961 2272 2002 ar·

603 2081 660 2124 cus
682 2061 787 2126 unius.
832 2059 926 2124 Prius
945 2071 1053 2125 tamen
1074 2061 1215 2124 occurrit
1235 2068 1403 2142 sepulerum
1423 2063 1616 2144 1111111510),
1638 2060 1681 2126 ad
1702 2059 1869 2141 dextram,
1896 2060 1989 2122 iaxta
2011 2059 2107 2122 uiam.
2151 2057 2274 2123 Contra

602 2197 680 2240 uero
702 2173 891 2240 Bethlehem
913 2185 961 2239 est
983 2178 1079 2236 turris
1100 2177 1251 2253 Ader⁵⁸¹)
1275 2179 1476 2257 1111911911,
1503 2176 1559 2242 ubi
1581 2176 1679 2242 lacob
1702 2175 1820 2241 dicitur
1841 2173 2007 2260 aliquanto
2030 2187 2178 2260 tempore
2199 2185 2272 2258 post

603 2301 739 2356 mortem
761 2289 912 2356 Rachelis
942 2291 1100 2355 mansisse
1131 2301 1161 2354 et
1190 2313 1309 2378 pecora
1336 2315 1395 2357 sua
1423 2295 1563 2378 pauisse.
1605 2292 1730 2358 Ibidem
1757 2293 1859 2356 eciam
1887 2300 2035 2378 pastores
2056 2287 2273 2354 custodientes

603 2406 766 2492 uigiliasd)
789 2407 892 2472 noctis
913 2429 1010 2493 super
1032 2429 1164 2493 gregem
1187 2430 1279 2472 suum
1300 2409 1333 2470 in
1355 2406 1437 2472 hora
1457 2409 1635 2474 natiuitatis
1658 2408 1780 2475 Christi
1801 2409 1952 2472 uiderunt
1973 2416 2005 2471 ct
2025 2405 2199 2470 audierunt
2219 2425 2274 2468 an·

603 2521 694 2608 gelos
717 2531 883 2586 cantantes
907 2521 1044 2605 „Gloria
1063 2525 1097 2586 in
1119 2523 1286 2588 excelsis.“
1330 2521 1395 2603 Qui
1416 2524 1520 2588 eciam
1541 2525 1776 2589 nunciauerunt
1795 2537 1906 2587 natum
1929 2520 2141 2586 Saloatorem.

726 2637 913 2702 Bethlehem
935 2661 1012 2704 uero
1036 2641 1098 2702 sita
1120 2647 1168 2704 est
1190 2640 1223 2702 in
1246 2649 1355 2702 monte
1377 2650 1595 2726 competenter
1617 2639 1693 2722 alto,
1715 2639 1772 2703 sed
1792 2649 1872 2720 arto,
1893 2639 1949 2726 qui
1970 2635 2013 2702 ab
2033 2638 2156 2702 oriente
2176 2636 2274 2700 inoc-

605 2755 763 2820 cidentem
786 2777 820 2819 sc
842 2752 996 2818 extendit
1030 2753 1083 2818 Ab
1105 2754 1271 2819 occidente
1294 2753 1392 2820 habet
1412 2758 1588 2838 introitum,
1609 2767 1641 2819 et
1662 2755 1708 2818 ibi
1729 2766 1779 2819 est
1797 2756 1937 2820 cisterna
1959 2755 2052 2820 iuxta
2073 2761 2211 2838 portem,
2234 2751 2274 2814 de

604 2893 668 2958 qua
689 2869 800 2936 Dauid
812 2871 867 2948 ⁵⁰²)
891 2869 1088 2935 desiderauit
1108 2869 1231 2953 bibere,
1254 2893 1327 2934 cum
1348 2873 1486 2935 oscetin
1510 2871 1662 2959 presidio.

730 2989 768 3052 In
792 2987 856 3050 fine
884 3008 961 3051 uero
982 2986 1128 3050 orientali
1142 2988 1197 3062 113)
1222 2987 1363 3050 ciuitatis
1387 2987 1529 3052 eiusdem
1551 2987 1612 3052 sub
1634 3009 1728 3074 rupe,
1763 2996 1915 3073 quaerat
1936 2987 2028 3050 iuxta
2050 3007 2176 3049 murum
2198 2984 2275 3047 ciui·

603 3107 679 3170 tatis
708 3115 739 3169 et
768 3101 942 3168 secundum
973 3125 1095 3168 morem
1127 3115 1212 3166 terre
1239 3102 1324 3167 illius
1352 3102 1480 3168 uidetur
1511 3103 1610 3168 titisse
1630 3103 1721 3169 locus
1743 3125 1802 3190 pro
1823 3101 1966 3176 stabulo,
1993 3099 2116 3166 habens
2138 3120 2274 3186 presepe

604 3223 749 3286 excissus
772 3217 812 3282 de
835 3229 945 3304 petra,
973 3229 1009 3283 ut
1028 3220 1127 3282 moris
1152 3229 1200 3284 est
1219 3219 1327 3284 facere
1348 3221 1512 3306 presepia,
1541 3229 1629 3284 ortus
1658 3231 1707 3284 est
1725 3218 1800 3285 huic
1821 3217 1941 3283 mundo
1964 3217 2004 3282 de
2024 3218 2151 3303 uirgine
2173 3226 2275 3280 matre

604 3335 652 3400 sol
672 3336 813 3416 iusticie,
844 3332 991 3398 Christus
1014 3335 1119 3414 Iesus,
1144 3333 1316 3399 ostendens
1339 3357 1374 3398 se
1396 3359 1454 3399 sua
1474 3336 1643 3400 natiuitate
1665 3335 1778 3400 sordes
1797 3345 1830 3398 et
1850 3331 2001 3398 tenebras
2020 3331 2133 3398 mundi
2152 3329 2276 3396 ablatu-

603 3473 685 3532 rum,
707 3473 745 3514 eo
767 3447 853 3534 quod
875 3449 1025 3514 sordibus
1046 3451 1136 3513 nasci
1160 3461 1190 3513 et
1211 3452 1289 3516 oriri
1310 3452 1412 3515 uoluit
1432 3451 1506 3516 talis
1527 3451 1599 3516 loci.

727 3565 823 3630 quta
844 3587 922 3630 uero
944 3565 1125 3651 predictam
1148 3589 1261 3654 rupem
1284 3579 1334 3631 est
1356 3567 1419 3632 alia
1443 3568 1605 3653 capacior,
1627 3567 1673 3632 IV
1691 3578 1800 3632 tamen
1822 3563 1960 3652 pedibus
1982 3563 2117 3646 distans,
2138 3562 2275 3650 subque

604 3691 674 3746 erat
702 3703 837 3768 presepe
848 3729 857 3763 ,
891 3683 924 3746 in
958 3703 1020 3768 quo
1050 3680 1154 3746 dulcis
1187 3705 1268 3768 puer
1289 3681 1343 3746 ille
1365 3705 1442 3748 mox
1463 3694 1558 3747 natus
1581 3705 1688 3748 eoram
1714 3681 1797 3747 boue
1819 3693 1850 3747 et
1870 3683 1963 3748 asino
1987 3680 2151 3746 inuolatus
2171 3681 2277 3745 fuerat

604 3796 789 3862 reclinatus.
826 3795 963 3862 Uidetur
984 3809 1091 3862 tamen
1114 3797 1192 3862 mihi
1214 3821 1273 3884 pro
1298 3810 1385 3863 certo
1407 3822 1472 3864 una
1493 3809 1617 3864 tontum
1639 3821 1737 3885 rupes
1753 3799 1864 3880 fuisse,
1886 3797 1943 3862 scd
1960 3799 2081 3862 sactum
2099 3811 2148 3861 est
2160 3799 2276 3863 ostium

604 3914 638 3976 in
658 3911 767 3976 medio
790 3935 849 3998 per
869 3935 991 3998 rupem,
1014 3935 1072 4000 per
1093 3913 1178 4000 quod
1199 3915 1230 3978 in
1255 3913 1390 3978 chorum
1413 3914 1453 3978 de
1474 3913 1600 4002 capella
1619 3913 1676 3979 illa
1696 3925 1746 3979 est
1766 3937 1928 3979 ascensus.
1968 3912 2022 3978 Ad
2041 3913 2150 3979 locum
2170 3922 2275 3976 autem

605 4027 790 4093 dulcissime
817 4029 996 4092 natiuitatis
1024 4027 1230 4094 descenditur
1265 4030 1306 4094 ab
1337 4028 1475 4094 ecclesia
1503 4033 1536 4094 in
1565 4030 1723 4116 capellam
1742 4053 1800 4117 per
1823 4031 1856 4094 X
1876 4029 2015 4115 gradus,
2049 4030 2139 4093 cuius
2161 4050 2275 4092 111111

606 4145 753 4230 superius
780 4145 1025 4229 assignaui⁸⁶⁴).
1069 4143 1129 4208 Est
1158 4157 1264 4210 autom
1296 4143 1422 4231 capella
1450 4148 1514 4210 ista
1545 4157 1614 4210 tota
1646 4147 1781 4210 interius
1811 4147 1898 4210 facte
1919 4144 1959 4208 de
1981 4167 2078 4232 opere
2100 4146 2224 4209 musiuo
2246 4156 2277 4206 et

606 4269 708 4323 strata
738 4283 898 4326 marmore
922 4272 953 4325 et
976 4269 1162 4348 sumptuose
1185 4260 1280 4326 ualde
1301 4263 1398 4325 lacta.
1441 4261 1546 4348 Super
1566 4261 1672 4327 locum
1692 4261 1798 4343 illum,
1829 4261 1885 4327 ubi
1907 4259 2003 4325 beata
2025 4262 2119 4344 uirgo
2141 4261 2276 4348 peperit,

606 4385 712 4460 potest
736 4375 800 4438 dici
820 4378 920 4442 missa
940 4399 1037 4463 super
1060 4376 1202 4441 tabulam
1225 4399 1454 4459 marmoream,
1482 4400 1543 4465 que
1567 4387 1670 4442 strata
1692 4389 1740 4442 est
1761 4377 1817 4442 ibi.
1858 4378 1912 4442 De
1938 4376 2047 4464 lapide
2069 4377 2171 4440 eciam
2192 4373 2277 4439 nudo

606 4489 734 4556 uidetur
756 4489 802 4554 ibi
824 4513 912 4576 pars,
934 4490 991 4556 ubi
1011 4503 1107 4557 natus
1129 4503 1179 4556 est
1200 4492 1358 4560 Christus.
1403 4493 1559 4557 Similiter
1580 4495 1682 4558 eciam
1705 4493 1843 4580 quedam
1866 4515 1943 4579 pars
1965 4495 2114 4580 presepia
2126 4542 2134 4575 ,
2159 4495 2192 4558 in
2215 4514 2275 4578 quo

672 4657 699 4724 a)
717 4655 826 4790 erptbde
843 4671 896 4789 pua
914 4653 955 4710 St.
966 4655 1030 4724 suit
1047 4657 1081 4708 de
1097 4672 1129 4708 ea
1147 4653 1173 4708 h.
1197 4687 1229 4696 —-
1252 4655 1281 4726 b)
1300 4657 1387 4710 lamio
1408 4656 1449 4711 St.
1474 4657 1553 4710 ionia
1572 4655 1598 4711 h.
1620 4687 1654 4696 ·-
1682 4659 1708 4728 c)
1727 4665 1803 4711 11111
1820 4655 1890 4712 Sth.
1919 4687 1949 4696 -
1974 4656 2003 4721 (1)
2020 4656 2137 4724 cipiliaco
2158 4673 2210 4710 om.
2229 4654 2278 4718 St,

762 4743 826 4790 aet
866 4781 870 4790 .

607 4895 732 4952 trionem
754 4912 856 4953 versus
877 4891 1020 4952 Hebroue
1042 4893 1138 4952 distat.
1188 4893 1352 4953 Robinsoni
1374 4915 1423 4953 au·
1528 4897 1599 4968 559)
1619 4893 1794 4969 Bethlehem]
1823 4895 1870 4954 De
1900 4895 1957 4954 hac
1983 4895 2124 4972 singulari
2151 4894 2278 4974 descrip-

604 5001 663 5050 tem
677 4993 880 5052 sententiaest
894 4989 984 5050 soba.
1012 4991 1196 5052 Barchardus
1211 5013 1279 5054 vero
1292 5013 1349 5052 nec
1365 4994 1423 5052 Ba·
1463 4996 1543 5054 tione
1573 4996 1694 5074 exponit
1723 4993 1810 5052 Titus
1840 4994 1988 5054 Toblerus
2020 4994 2095 5053 libro
2124 4997 2277 5073 inscripto:

607 5090 690 5162 meh,
718 5111 772 5150 nec
793 5089 913 5161 Sibam,
934 5089 987 5150 sed
1006 5089 1130 5150 Remleh
1151 5090 1248 5151 dicere
1270 5092 1425 5152 erudiisse
1463 5094 1637 5155 Bethlehem
1650 5098 1681 5154 in
1691 5092 1851 5152 Palestina.
1874 5091 1916 5154 St.
1929 5091 2037 5154 Gallen
2051 5113 2079 5153 n.
2095 5093 2172 5153 Bem
2191 5097 2277 5156 1619.

606 5187 728 5248 videtur.
751 5223 790 5233 —
821 5187 866 5249 cf.
898 5187 1011 5247 'l'obler
1040 5187 1171 5268 Topogr.
1200 5211 1226 5250 v.
1254 5190 1276 5250 J
1279 5211 1353 5250 erue.
1380 5191 1423 5250 11.
1528 5198 1599 5267 560)
1619 5195 1785 5269 sepulcrum
1806 5193 1929 5268 Rachel]
1950 5191 1987 5254 V.
2010 5191 2125 5251 Tobler
2145 5191 2277 5271 'Popogc

608 5293 682 5359 9053
705 5287 856 5347 Robinson
878 5287 943 5348 Pal.
956 5287 996 5346 Il.
1020 5291 1077 5348 533
1101 5307 1178 5367 sqq.;
1200 5307 1258 5348 van
1274 5289 1311 5347 de
1328 5288 1423 5348 Velde
1463 5313 1491 5353 v.
1511 5291 1610 5352 Jeme.
1634 5295 1691 5353 782
1714 5311 1777 5369 soq.

606 5388 727 5446 memoir
748 5407 775 5466 p.
800 5389 867 5448 241.
1526 5396 1596 5463 561)
1619 5390 1714 5447 torris
1727 5389 1818 5464 Ader]
1840 5387 1950 5462 Gader,
1971 5407 2015 5444 ru
2029 5389 2096 5448 5111,
2134 5389 2179 5449 Of.
2196 5389 2277 5449 Tob-

669 5489 740 5558 557)
762 5486 930 5544 Ariarathis
945 5517 985 5527 -
999 5485 1138 5560 Raraala]
1159 5484 1351 5545 Arimathiam
1363 5487 1421 5545 Ra·
1462 5489 1505 5548 ler
1526 5488 1697 5548 Bethlehem
1719 5507 1748 5566 p.
1772 5491 1840 5549 256.

608 5583 717 5643 mulam
739 5603 798 5642 non
819 5603 883 5643 esse
904 5583 991 5644 docet
1005 5583 1118 5644 Tobler
1132 5583 1263 5663 Topogr.
1279 5607 1306 5644 v.
1321 5585 1421 5647 Jerns.
1525 5593 1596 5662 562)
1619 5587 1750 5646 cisterno
1773 5619 1813 5628 —
1836 5588 1949 5664 Dauid]
1971 5587 2008 5649 V.
2032 5587 2145 5647 Tobler
2160 5587 2277 5648 Bethle-

606 5683 647 5743 ΙΙ.
670 5685 738 5744 802.
1462 5685 1529 5746 hem
1551 5708 1579 5765 p.
1602 5690 1660 5747 263
1683 5708 1711 5746 n.
1736 5690 1764 5748 3.
2262 5748 2266 5756 ,

670 5781 742 5851 558)
769 5779 897 5856 lamnia]
933 5781 1063 5861 Antiqua
1088 5781 1194 5856 labne,
1227 5781 1351 5842 labneel
1379 5792 1422 5842 eet
1526 5788 1596 5857 563)
1618 5785 1649 5840 ia
1660 5785 1725 5862 fiae
1746 5803 1817 5842 uero
1831 5784 1979 5858 orientale]
2002 5784 2039 5844 V.
2055 5785 2169 5846 Tobler
2183 5787 2277 5846 Betbl.

608 5898 709 5939 recens
720 5876 823 5937 lebna.
845 5876 1017 5939 11111111
1031 5885 1057 5940 3.
1074 5879 1269 5958 Wanderung
1281 5901 1307 5960 p.
1319 5885 1357 5941 23
1370 5903 1422 5961 sq,
1463 5904 1492 5962 p.
1520 5887 1583 5945 111.

608 6000 635 6039 v.
661 5977 790 6036 Raumer
811 5997 838 6054 p.
863 5979 928 6044 181,
952 5977 1045 6037 Bitter
1066 5979 1151 6038 XVI.
1177 5983 1344 6040 125-127.
1524 5987 1595 6055 564)
1611 5982 1694 6040 cuias
1712 6001 1836 6040 caussas
1852 5981 1991 6054 superias
2006 5983 2170 6059 assignant]
2185 5983 2276 6044 V1.1.
