5284 7042
1208 716 1264 781 153

399 903 432 959 et
451 916 488 959 ee
507 894 640 959 inuicem
663 884 904 981 amplexerunt,
924 892 1061 981 pulchra
1081 890 1218 958 occleeia
1239 902 1289 957 eet
1309 902 1509 975 constructa,
1537 914 1599 981 qne
1619 894 1808 981 Magnificat
1828 896 2013 973 roecurte
2035 898 2067 963 in

400 1020 582 1096 presentem
603 1008 698 1079 diem.
739 1004 791 1073 lbi
813 1008 999 1091 Sachariae,
1022 1018 1115 1097 pater
1137 1008 1289 1074 Iohannis
1309 1008 1460 1095 baptiste,
1484 1006 1652 1075 benedixit
1673 1010 1795 1093 Deum,
1818 1010 1949 1075 dicens:
1972 1014 2100 1077 Bene-⁵

398 1126 497 1187 dictur
518 1129 660 1187 Dmnieur
681 1130 763 1188 Deae
781 1130 884 1187 Irroel
902 1134 961 1191 etc

522 1238 604 1327 Cap.
627 1240 784 1305 XXXVI.
825 1238 905 1306 Inde
936 1240 979 1305 ad
1010 1240 1091 1305 duas
1112 1239 1272 1315 loucae⁸³l
1300 1240 1393 1305 iuxta
1413 1240 1587 1319 Modinu),
1615 1240 1779 1307 ciuitatem
1805 1240 2067 1330 Machebeorum,

399 1364 432 1419 ot
451 1356 617 1421 ciuitatem
639 1356 820 1433 accareu)
845 1365 895 1422 est
915 1354 1083 1421 castollum
1105 1356 1285 1435 meane),
1314 1356 1348 1419 in
1379 1376 1441 1443 quo
1468 1353 1532 1421 duo
1554 1354 1705 1443 discipuli
1733 1370 1953 1444 cognouerunt
1975 1358 2067 1427 Chri·

399 1480 485 1535 etum
506 1472 540 1535 in
562 1472 720 1536 fractione
741 1472 846 1558 panis.

524 1586 605 1675 Cap.
627 1586 798 1651 XXXVII.
841 1586 894 1651 De
911 1584 1109 1652 Iberusalem
1128 1584 1240 1652 rolens
1257 1585 1306 1651 ire
1328 1586 1361 1649 in
1383 1583 1569 1651 Bethlehem
1590 1586 1694 1651 exibit
1715 1610 1773 1675 por
1794 1600 1922 1675 portam
1945 1588 2066 1673 Dauid,
2086 1602 2096 1652 ¹

398 1722 420 1765 a
441 1721 507 1787 qua
526 1723 585 1789 per
606 1700 688 1767 duos
709 1701 813 1767 iactus
834 1700 951 1767 baliste
972 1700 1024 1767 rel
1044 1700 1119 1789 plus
1137 1700 1181 1767 ed
1200 1724 1330 1767 manum
1356 1698 1525 1766 dexteram
1546 1712 1594 1767 eat
1610 1704 1698 1783 Gyen
1711 1702 1762 1786 Π),
1783 1701 1839 1768 vbi
1858 1704 2010 1771 Salomon
2033 1708 2065 1771 in

398 1836 509 1901 regem
530 1816 590 1881 fuit
608 1828 733 1885 vnctun
776 1818 820 1883 Et
840 1829 890 1883 eet
909 1816 955 1881 ibi
978 1817 1115 1883 ecclesia
1136 1818 1241 1883 sancti
1255 1816 1355 1899 Petri,
1376 1816 1410 1881 in
1432 1838 1496 1901 qua
1516 1816 1624 1905 pluroe
1644 1840 1738 1905 reges
1759 1830 1791 1883 et
1812 1820 1970 1908 prophete
1993 1832 2099 1889 suntt

398 1931 497 1997 vncti.
539 1931 619 1999 Inde
646 1932 689 1999 ad
709 1956 806 1999 vnum
826 1932 951 1999 leucam
971 1932 1145 1999 manebant
1165 1932 1297 1999 Samuel
1318 1943 1351 1997 et
1371 1930 1511 2019 Helyae,
1543 1944 1574 1997 et
1599 1931 1644 1998 ibi
1672 1944 1721 1999 eet
1742 1956 1892 2023 campus,
1921 1934 1976 2001 vbi
2000 1936 2098 2007 lle-³

399 2044 471 2133 lyae
488 2058 602 2133 raptus
623 2048 685 2115 fuit
705 2050 739 2113 in
758 2048 871 2114 colum
913 2049 957 2114 Et
977 2048 1097 2114 dIcitur
1119 2072 1240 2129 compar
1254 2052 1384 2129 floridus
1397 2050 1447 2126 ⁸⁸).
2084 2071 2101 2122 ι

521 2164 601 2251 Cap.
622 2163 814 2229 XXXVIII
856 2164 929 2230 Vno
949 2164 1089 2231 miliario
1110 2164 1186 2231 inde
1208 2176 1258 2229 cet
1276 2168 1372 2227 tumbe
1394 2164 1841 2246 Rncw'),vxoris1eeob,
1872 2164 1917 2233 ibi
1940 2180 2095 2241 mortuer

401 2276 435 2341 in
462 2291 560 2364 partu
579 2279 780 2367 Benyamyn.
824 2280 932 2369 Super
957 2304 1053 2369 quam
1082 2282 1191 2367 posuit
1210 2280 1276 2347 XII
1302 2280 1429 2368 lapides
1455 2300 1590 2365 magnos
1616 2282 1649 2345 in
1681 2281 1867 2347 memorium
1892 2282 1956 2349 XII
1985 2284 2098 2359 filio-2

401 2414 471 2458 rum
492 2416 635 2461 suorum.

523 2508 606 2597 Cap.
626 2512 787 2577 XXXIX.
829 2512 957 2579 Deinde
983 2516 1047 2579 itur
1074 2514 1290 2595 eoeleste,
1318 2510 1444 2577 dietam
1477 2532 1497 2575 a
1524 2508 1722 2575 Ihmuealem
1751 2533 1810 2598 per
1839 2511 1920 2579 duee
1949 2516 2099 2661 leucaep

399 2622 437 2687 ln
464 2646 529 2711 qua
555 2627 686 2693 cirritate
713 2640 762 2693 cat
787 2628 925 2695 ecclesia
952 2628 1170 2717 pulcherrima
1198 2628 1232 2693 in
1254 2626 1374 2693 honore
1397 2625 1491 2691 beate
1513 2628 1649 2711 virginis
1672 2624 1832 2691 dedicata.
1876 2628 1912 2695 lu
1931 2654 1995 2719 qun
2017 2642 2100 2729 eet³

400 2738 543 2827 capella,
565 2741 621 2807 vbi
643 2754 738 2807 natue
758 2742 817 2808 init
836 2742 995 2812 Christus.
1038 2744 1180 2831 Precepe
1201 2752 1309 2808 autem
1332 2763 1403 2806 cum
1425 2742 1515 2824 leno,
1544 2744 1577 2807 in
1600 2762 1663 2830 qno
1685 2752 1755 2807 eret
1779 2742 1917 2830 positus,
1946 2744 2098 2814 dicituro

399 2876 473 2921 eree
493 2856 593 2923 Rome
623 2860 656 2923 in
684 2858 822 2925 ecclesia
855 2870 965 2925 sancto
985 2858 1090 2925 llario
1118 2860 1260 2925 maioris.
1303 2858 1342 2924 ln
1364 2856 1495 2923 sinistre
1516 2868 1609 2945 parte
1631 2856 1716 2923 dicte
1738 2857 1873 2924 ecclesie
1894 2870 1942 2925 eet
1964 2859 2096 2945 locum

399 2970 456 3035 rbi
486 2974 610 3059 positus
636 2974 696 3039 suit
724 2972 896 3039 vmbilicus
923 2987 954 3041 et
981 2976 1202 3041 circumscieio
1223 2974 1364 3039 Domini
1407 2970 1444 3037 ln
1474 2970 1592 3038 dextra
1613 2974 1716 3061 ipsius
1740 2984 1835 3061 parte
1857 2974 1973 3063 sepulti
1995 2976 2097 3041 fuet

398 3100 473 3151 runt
493 3090 597 3153 sancti
618 3088 812 3155 innocenter.
856 3090 920 3155 Vbi
944 3102 994 3155 cet
1021 3092 1123 3157 altare
1150 3092 1185 3156 in
1210 3092 1302 3156 exitu
1329 3088 1427 3155 chori.
1468 3087 1522 3155 Ad
1543 3110 1673 3153 manum
1695 3086 1845 3155 dextram
1866 3104 1915 3157 eet
1936 3070 2094 3191 puteum}

398 3201 454 3267 vbi
476 3202 605 3271 vidotm
624 3204 727 3285 stella,
747 3228 810 3291 qne
830 3204 924 3271 duxit
944 3218 1011 3271 trec
1031 3230 1125 3292 roges
1147 3206 1189 3271 ad
1212 3206 1376 3275 christum
1398 3206 1430 3269 in
1452 3206 1610 3293 presepio.

522 3320 605 3409 Cap.
626 3320 698 3386 XL.
739 3322 828 3387 lnlra
860 3322 1035 3389 claustrum
1063 3335 1169 3387 autem
1202 3322 1430 3387 canonicorum
1452 3329 1501 3383 eet
1521 3322 1644 3407 cripte,
1675 3320 1707 3383 in
1728 3342 1791 3405 quc
1814 3320 2091 3391 metuebant-1

397 3454 475 3517 nne,
501 3436 658 3524 interpres
679 3436 766 3503 beati
787 3438 967 3521 leronomi,
997 3438 1074 3504 fecit
1092 3438 1318 3527 penitenciam,
1339 3450 1371 3503 et
1392 3436 1504 3503 beatus
1526 3436 1713 3501 leronomus
1734 3434 1897 3501 baustulit
1918 3434 2062 3523 bybliam

395 3560 428 3615 ot
457 3548 574 3617 multon
603 3550 704 3619 libror
731 3556 920 3642 conpoeuit3
950 3576 1015 3619 non
1043 3552 1139 3639 longe
1166 3554 1208 3619 ab
1241 3553 1297 3619 illa
1327 3552 1473 3641 predicta
1502 3550 1638 3617 ecclesia
1665 3560 1776 3617 sancte
1798 3550 1915 3634 Paule,
1944 3550 2096 3619 nobilist

397 3678 543 3731 matrone
564 3666 606 3732 de
626 3668 737 3751 Roma,
759 3670 815 3735 vbi
836 3672 910 3759 ipsa
930 3693 1003 3735 cum
1022 3668 1089 3735 filia
1109 3692 1170 3735 oua
1190 3668 1367 3735 Eustochio
1385 3670 1451 3755 egit
1473 3668 1696 3757 penitenciam.
1731 3666 1897 3733 Deenbtue
1921 3668 1954 3733 in
1976 3668 2095 3737 dicta³

396 3780 533 3847 ecclesia
552 3794 602 3847 cet
622 3784 730 3871 cripta
750 3784 937 3867 hlaximini,
959 3784 1015 3850 vbi
1035 3797 1083 3850 eet
1104 3784 1239 3873 capella,
1262 3784 1303 3850 de
1323 3806 1387 3873 qua
1407 3784 1542 3865 dicitu,
1565 3780 1670 3871 quod,
1692 3782 1821 3871 quaudo
1842 3782 1985 3849 Domina
2006 3808 2062 3851 uo

397 3908 465 3962 etra
485 3896 588 3963 ebera
608 3924 668 3965 cua
689 3899 856 3988 prebebat,
880 3900 963 3965 lucto
982 3900 1169 3987 replebatur
1190 3914 1287 3983 terra,
1307 3924 1370 3987 que
1391 3910 1440 3965 eet
1461 3900 1556 3988 quasi
1575 3898 1626 3963 lae
1648 3896 1808 3963 dealbata

519 4015 602 4104 Cap.
623 4014 711 4082 XLI.
753 4014 903 4081 Secundo
923 4016 1063 4083 miliario
1083 4016 1124 4081 do
1137 4015 1303 4083 Bctlehcm
1325 4029 1374 4081 est
1397 4015 1495 4097 locus,
1517 4012 1573 4079 vbi
1594 4010 1728 4099 angelus
1748 4014 1901 4103 apperuit
1925 4018 2062 4103 pastori·

396 4124 508 4205 ΒΜ)
531 4130 564 4195 in
584 4134 765 4213 natiuitate,
786 4130 897 4196 dicens
907 4132 965 4209 11)ε
986 4132 1177 4213 ,Annuneio
1198 4132 1292 4198 vobis
1312 4130 1469 4219 gaudium
1491 4132 1572 4195 etc.“

518 4246 599 4333 Cap.
621 4246 724 4311 Xhll.
765 4246 874 4336 Supra
895 4245 1062 4313 Botlehom
1083 4262 1133 4313 cst
1154 4253 1264 4323 soron,
1285 4248 1401 4313 ciuitas
1422 4246 1657 4335 antiquissima,
1679 4244 1804 4311 &tans
1826 4266 1847 4309 a
1862 4244 2060 4311 [herusalem
2081 4260 2090 4309 1

395 4358 475 4425 vlle
496 4360 635 4427 miliario
647 4364 698 4445 ⁹³),
718 4362 965 4429 Philistinorum
985 4364 1182 4451 metropolis.
1218 4362 1263 4429 Et
1283 4364 1397 4451 primia
1417 4361 1617 4451 temporibus
1638 4360 1700 4427 fuit
1721 4358 1883 4426 habitacio
1904 4362 2094 4429 maximo-t

396 4498 465 4543 rum
488 4476 677 4565 (lygautum
691 4481 742 4555 ⁸⁸).
788 4479 948 4563 Regnanit
976 4490 1090 4567 postea
1109 4478 1220 4545 Dauid
1250 4480 1283 4543 in
1305 4502 1354 4543 oa.
1397 4478 1439 4544 Et
1468 4491 1517 4544 est
1535 4478 1598 4543 sita
1619 4478 1651 4542 in
1672 4498 1751 4563 egro
1772 4476 1997 4559 Damasceno,
2026 4458 2092 4575 inl

394 4614 456 4681 quo
478 4592 586 4659 Adam
616 4594 675 4659 fuit
702 4594 891 4683 plasmatur.
932 4594 1193 4671 Sarreccnice⁹⁸l
1223 4594 1342 4661 dicitur
1367 4596 1484 4661 ciuitas
1513 4606 1650 4683 quatuor
1678 4604 1822 4679 patrum,
1856 4592 1932 4681 quia
1959 4592 2004 4657 ibi
2026 4594 2060 4657 in

393 4706 516 4795 duplici
536 4708 690 4797 spelunca
711 4723 848 4797 quatuor
865 4710 1050 4797 patriarche
1064 4722 1138 4775 eunt
1154 4708 1282 4798 sepulti.
1304 4698 1428 4775 sedicet
1444 4708 1562 4791 Adam,
1582 4706 1759 4789 Abraham,
1783 4708 1889 4773 Yeaac
1906 4720 1937 4773 et
1951 4706 2059 4789 Iacob,

455 4898 506 4965 82)
528 4894 576 4955 Cf.
598 4894 692 4957 Ritter
711 4894 796 4957 XVI.
817 4900 885 4957 ste.
1308 4898 1361 4969 89)
1383 4894 1419 4957 V.
1442 4896 1556 4957 ‘I'obler
1575 4896 1594 4955 l.
1614 4894 1633 4955 l.
1656 4894 1695 4955 ll.
1719 4898 1777 4957 782
1799 4914 1862 4975 sqq.
1892 4892 1938 4953 cl.
1959 4890 2059 4953 'I’hiet

453 4998 504 5067 88)
532 4992 569 5055 V.
591 4992 654 5053 Tit.
679 4994 793 5055 Tobler
820 4994 953 5075 Topogr.
980 5014 1008 5055 r.
1036 4992 1205 5054 Jerusalem
1246 5012 1358 5055 marum
1381 4992 1436 5055 lx.
1458 5000 1496 5057 21
1519 5014 1547 5077 p.
1570 4998 1619 5055 28.

392 5088 435 5152 st
456 5096 515 5151 ⁹⁰⁰
536 5110 559 5151 ι
582 5103 642 5153 not
663 5092 704 5153 11·
1309 5116 1361 5179 oo>
1382 5108 1449 5171 vie.
1479 5108 1539 5169 ou
1568 5106 1681 5167 'reue
1710 5106 1881 5167 nemnem
1912 5106 1943 5165 n
1974 5104 2058 5167 rm-

454 5194 505 5263 so
527 5188 564 5251 V·
591 5190 651 5250 'rit
679 5191 793 5252 mue
821 5190 954 5271 Tereo·
981 5212 1002 5249 v
1037 5189 1206 5251 lowen
1249 5208 1334 5269 nen
1372 5206 1415 5269 st.
1439 5206 1546 5269 omn
1569 5228 1597 5267 u.
1620 5204 1697 5265 mm
1724 5210 1808 5267 roro.

392 5286 433 5349 lh
454 5292 523 5351 8111.
545 5294 604 5351 896
625 5310 688 5369 sqq.
1309 5328 1360 5395 81)
1382 5320 1449 5383 vid.
1472 5322 1585 5383 'l'obler
1607 5320 1776 5381 Bethlehem
1796 5340 1823 5401 p.
1847 5324 1902 5383 251
1928 5342 1989 5403 sqq.

453 5392 504 5463 35)
526 5388 613 5447 Nune
640 5388 835 5449 εφυεώίὸ.
877 5388 913 5448 V.
941 5386 1053 5450 Tobler
1071 5386 1206 5469 Topogt·
1311 5442 1363 5506 9²)
1386 5437 1485 5499 Lm
1507 5438 1547 5499 u·
1575 5442 1619 5497 ιο·

391 5506 419 5549 ι
439 5484 791 5659 ¹¹beb'lnl'll‘l'illm‘l'bbler
819 5584 952 5667 'l'opogr
979 5606 1009 5647 r.
1036 5585 1136 5646 derue.
1163 5584 1205 5645 ll.
1309 5558 1360 5622 ⁰³)
1382 5552 1481 5627 Quum
1503 5552 1561 5611 '5¹¹⁸
1583 5556 1618 5611 ¹⁰
1640 5552 1698 5611 Νη
1720 5570 1859 5631 ΡΜΜΙ
1881 5572 1966 5624 mmo
1988 5552 2045 5613 ΚῙΘ

392 5688 451 5745 ore
471 5705 495 5745 ι,
513 5714 554 5729 -
577 5690 635 5745 seo
656 5704 722 5763 sqq.
744 5712 784 5727 -
806 5688 864 5745 ree
885 5706 910 5744 s.
932 5716 971 5727 -
992 5690 1060 5746 ooo.
1085 5690 1172 5745 roos.
1247 5662 1347 5733 ΡΜ
1367 5652 1457 5711 “m''
1482 5648 1637 5729 ¹⁰8⁰⁰⁶¹²¹¹²
1658 5668 1723 5709 ⁰⁸⁸⁰
1745 5658 1836 5730 ΡΜ

454 5786 505 5855 81)
528 5778 626 5842 Gibon
658 5802 751 5843 mona.
789 5780 837 5841 (ll.
867 5780 907 5841 T.
935 5780 1049 5843 Tobler
1073 5782 1203 5863 Topogr.
1309 5762 1689 5837 9415111113ΝΗΝῙο8·
1712 5762 1796 5825 XIV·
1824 5770 1867 5827 ¹5·

390 5900 418 5942 r.
436 5880 501 5943 der.
522 5880 546 5941 l.
573 5888 618 5941 11.
1303 5886 1355 5949 85)
1383 5878 1529 5941 Hebraico
1557 5880 1661 5961 potior.
1706 5876 1741 5939 V.
1770 5878 1864 5941 Ritter
1888 5879 1972 5941 xvl.
1995 5884 2050 5943 211

447 5984 499 6049 88,Ι
522 5979 692 6039 Cs.Tobler
700 5980 830 6061 Topogr.
845 5976 977 6039 ederus.
992 5979 1032 6041 ll.
1049 5984 1117 6041 518.
1134 5984 1201 6041 552.
1243 5984 1353 6041 -218,

1817 6094 1848 6143 ²⁰
