5284 7042
1373 626 1430 687 172

531 832 547 881 ‘1
688 800 732 866 Et
754 801 853 866 habet
872 804 992 880 iutra⁸)
1013 826 1123 869 muros
1145 814 1211 869 tres
1233 814 1358 867 montes
1388 824 1521 887 magnos
1545 816 1576 868 et
1598 804 1813 891 asperrimos,
1842 826 1980 891 quomam
2009 800 2135 869 medius
2158 802 2240 867 adeo

531 917 648 992 saltus
669 928 726 1000 eat,
747 928 783 981 nt
804 940 863 981 suo
884 920 1050 983 cacumine
1067 918 1207 985 nubibus
1221 920 1361 983 innitens
1376 942 1504 985 cursum
1520 917 1726 1007 planetarum
1741 928 1869 1005 putetur
1883 918 2053 1006 impedire.
2087 918 2194 1000 Quem
2200 922 2238 999 b),

563 1043 703 1120 utputo,
726 1035 801 1119 ipsa
821 1045 936 1097 natura
958 1035 1026 1098 suis
1047 1034 1160 1099 usibus
1182 1046 1427 1121 preparanerat‚
1449 1046 1498 1117 ut,
1520 1034 1597 1101 dum
1620 1032 1757 1099 sabbato
1779 1056 1859 1119 ager
1880 1058 1900 1099 a
1921 1032 2089 1099 laboribus
2110 1034 2237 1121 requie·

564 1159 686 1231 sceret,
712 1149 779 1213 illic
809 1172 868 1235 per
890 1150 1099 1215 amenissima
1119 1150 1206 1233 loca,
1238 1173 1301 1237 que
1325 1152 1608 1232 circumiacent‘),
1635 1148 1853 1226 reficereturd)
1886 1160 1917 1215 et
1944 1148 1986 1214 ab
2014 1149 2079 1215 alto
2110 1149 2240 1236 prospi-

531 1266 653 1335 9ciens
676 1264 835 1329 defectum
859 1264 909 1327 sui
931 1268 1125 1343 naturatilt)
1147 1266 1369 1331 consideraret
1390 1288 1429 1331 ac
1452 1276 1628 1353 repararet.
1673 1265 1745 1345 Qus
1766 1286 1822 1331 sue
1836 1264 2008 1331 Antiochie
2024 1266 2133 1351 ipsum
2147 1286 2238 1331 mon·

564 1392 631 1446 tem
646 1380 828 1445 uberrimos
841 1382 945 1445 fontes
963 1380 1131 1445 mandauit
1148 1381 1344 1467 profundere
1360 1392 1392 1447 et
1410 1383 1582 1469 parturire,
1605 1382 1639 1447 in
1653 1392 1788 1457 tautum,
1809 1392 1843 1445 ut
1858 1402 1917 1467 per
1931 1382 2039 1445 emnia
2057 1380 2236 1469 pomariae)

562 1508 595 1561 et
616 1507 715 1578 ortos,
737 1496 792 1583 qui
814 1495 881 1561 illic
899 1498 969 1561 siue
989 1519 1121 1561 numero
1142 1496 1311 1575 hahentur,
1335 1520 1418 1582 aqua
1441 1496 1543 1563 altricis
1564 1512 1595 1561 et
1611 1496 1696 1563 bona
1709 1495 1894 1581 largissime
1909 1494 2118 1577 diffundatur,
2140 1518 2238 1581 quam

562 1613 667 1676 eciam
693 1612 758 1699 ipsi
786 1613 874 1677 ciues
901 1635 960 1699 per
989 1611 1218 1677 subterraneas
1251 1622 1284 1676 et
1300 1611 1498 1677 minusculas
1522 1634 1620 1677 uenas
1642 1612 1675 1676 iu
1697 1610 1840 1677 modium
1861 1634 1992 1677 suorum
2015 1612 2237 1699 hospiciorum

515 1740 545 1790 to
558 1738 594 1791 et
620 1727 664 1791 ad
692 1728 767 1813 ipsa
797 1726 978 1813 penetralia
999 1727 1212 1793 deduxerunt.
1253 1726 1298 1791 Et
1316 1738 1408 1811 nota,
1438 1726 1524 1815 quod
1554 1726 1669 1793 domus
1691 1740 1723 1791 et
1743 1726 1872 1815 palacia
1893 1726 2066 1793 Antiochia
2089 1728 2170 1792 soris
2189 1726 2237 1792 lu·

513 1854 541 1905 11
562 1853 649 1907 team
673 1852 853 1907 monstrant
874 1844 1123 1929 apparenciam,
1153 1851 1186 1907 et
1207 1842 1326 1919 intrat)
1355 1865 1453 1909 aurea
1480 1854 1512 1909 et
1542 1840 1726 1909 delectabili
1754 1842 1865 1927 uigent
1893 1834 2082 1909 asistencia.
2125 1841 2236 1927 Quis),

563 1970 597 2023 ut
617 1960 774 2043 tetigi99),
796 1960 831 2022 in
852 1961 931 2023 ortis
954 1960 1064 2025 uarios
1085 1959 1209 2023 finctus
1231 1957 1440 2025 afferentibus
1461 1968 1492 2023 et
1513 1960 1547 2024 in
1569 1958 1662 2045 aquis
1685 1956 1875 2023 salientibus
1897 1958 2039 2023 maxime
2054 1956 2236 2043 gloriantur

514 2089 544 2141 12
562 2086 593 2139 et
615 2072 718 2139 solent
737 2072 900 2139 lasciuire.
941 2074 1019 2161 Ipsa
1039 2075 1142 2139 eciam
1164 2075 1280 2139 ciuitas
1301 2074 1418 2139 diuites
1452 2086 1483 2139 et
1505 2075 1660 2161 plurimos
1681 2072 1780 2138 habet
1802 2072 2052 2140 inhabitatores:
2086 2074 2234 2139 Francos

562 2199 593 2253 et
615 2190 787 2271 Surianos,
819 2190 943 2255 Grecos
966 2202 997 2255 et
1017 2189 1151 2272 Iudeos,
1178 2189 1360 2255 Hormeuos
1384 2202 1416 2255 et
1437 2190 1651 2270 Sarracenos3
1684 2188 1800 2277 quibus
1822 2188 1969 2255 omnibus
1989 2190 2110 2255 Franci
2133 2188 2232 2253 domi-

562 2315 689 2388 nantur,
714 2318 745 2370 et
767 2304 902 2392 quilibet
923 2328 1034 2371 eorum
1057 2326 1133 2369 suas
1154 2304 1242 2390 leges
1265 2305 1450 2371 obseruaut.

514 2462 544 2513 13
684 2454 723 2518 Ιιι
744 2454 850 2518 medio
877 2456 980 2540 ipsius
1002 2464 1052 2518 est
1082 2453 1219 2518 ecclesia
1239 2476 1362 2517 summe
1384 2466 1514 2537 ornata,
1543 2456 1576 2518 in
1606 2476 1670 2539 qua
1693 2452 1768 2519 olim
1791 2453 1904 2519 beatus
1925 2452 2042 2519 Petrus
2069 2455 2155 2519 sicut
2176 2476 2231 2539 pa·

512 2583 544 2634 14
561 2568 705 2632 triarcha
726 2569 923 2654 presidebat.
966 2568 1031 2634 Ubi
1054 2582 1086 2633 et
1106 2568 1203 2633 hodie
1225 2570 1414 2655 patriarcha
1437 2569 1518 2635 solet
1540 2570 1705 2657 presidere
1727 2584 1758 2633 et
1782 2591 1838 2634 sue
1860 2568 1956 2651 Asia,
1986 2568 2134 2656 quesibi
2158 2566 2229 2635 sub·

515 2696 543 2746 ιι
561 2684 678 2767 ficitur,
700 2687 872 2770 imperare,
907 2686 1003 2751 Unde
1025 2687 1058 2749 in
1080 2686 1270 2751 consistorio
1283 2686 1338 2762 ¹⁰⁰)
1358 2686 1461 2771 ipsius
1481 2686 1536 2750 isti
1559 2708 1673 2750 uersus
1695 2686 1800 2751 atticis
1822 2683 1925 2749 literis
1947 2692 2020 2749 sunt
2042 2686 2207 2772 inscripti:

766 2832 827 2898 Sit
848 2833 989 2921 procul
1010 2834 1104 2897 hinc
1123 2832 1328 2911 lenium),
1348 2834 1519 2899 thronus
1541 2832 1604 2899 hic
1626 2834 1682 2897 sit
1702 2834 1806 2899 iuris
1830 2842 1869 2897 et
1887 2834 2022 2921 aequi3

994 2948 1146 3013 Tereia
1168 2970 1264 3034 pars
1285 2950 1426 3013 muudi
1447 2950 1535 3013 iure
1558 2958 1719 3013 tenetur
1741 2950 1785 3013 ei.

514 3115 543 3165 ¹⁶
686 3116 724 3181 In
745 3116 808 3181 hac
828 3113 966 3180 ecclesia
987 3126 1185 3180 monstratur
1207 3115 1364 3180 cathedra
1386 3114 1472 3180 beati
1486 3115 1575 3180 Petri
1598 3124 1629 3179 et
1651 3136 1770 3193 carcer,
1792 3118 1825 3179 in
1845 3137 1908 3201 quo
1929 3116 2030 3179 eciam
2047 3114 2228 3180 uincrrlatus

514 3242 541 3291 17
559 3232 738 3297 tenebatur.
778 3230 850 3296 illic
877 3232 980 3295 eciam
1012 3232 1185 3317 requiescit
1217 3232 1251 3295 in
1279 3254 1461 3297 marmoreo
1489 3230 1691 3317 sarcophago
1714 3252 1789 3295 caro
1810 3230 1861 3315 pie
1883 3232 2037 3295 memorie
2058 3230 2227 3297 Frederici

557 3348 769 3435 Imperatoris
783 3347 850 3425 102).

510 3516 541 3569 18
685 3512 766 3576 item
786 3534 853 3576 non
871 3510 966 3595 longe
988 3508 1030 3573 ab
1052 3508 1108 3573 illa
1130 3521 1180 3573 est
1199 3510 1337 3597 quedam
1359 3510 1497 3577 ecclesia
1519 3522 1587 3577 tota
1608 3510 1757 3593 rotunda,
1781 3533 1881 3597 supra
1902 3510 2031 3575 modum
2049 3526 2174 3593 oruata,
2196 3516 2229 3579 in

559 3649 624 3713 qua
649 3626 786 3692 hahetur
813 3629 921 3712 imago
949 3624 1078 3689 domine
1104 3637 1234 3707 nostre,
1266 3629 1433 3713 genitricis
1455 3628 1536 3711 Dei,
1569 3648 1696 3713 semper
1727 3626 1862 3711 uirginis
1884 3626 1996 3691 Maria.
2041 3626 2112 3707 Qus
2141 3640 2229 3695 tante

511 3766 541 3816 19
560 3744 740 3806 sanctitatis
762 3752 826 3823 est,
860 3752 896 3806 ut
925 3740 1068 3827 pluuium
1096 3752 1218 3827 prestet
1238 3741 1314 3807 dum
1337 3755 1492 3808 mouetur.
1537 3742 1643 3823 Quam
1666 3742 1782 3822 Greci,
1815 3742 1898 3807 sicut
1920 3744 2025 3828 ipsam
2048 3743 2228 3827 ecclesiam,

558 3858 592 3921 in
615 3879 734 3943 magno
756 3870 788 3921 et
808 3856 972 3921 laudando
993 3858 1107 3921 timore
1129 3856 1314 3923 obseruant.

508 4008 541 4059 ²0
681 4006 762 4071 Item
786 4008 819 4071 in
841 4029 904 4069 uno
927 4007 1092 4083 montium,
1113 4005 1222 4081 sicut¹)
1243 4028 1344 4093 supra
1366 4006 1450 4088 dixi,
1475 4018 1522 4072 est
1545 4005 1715 4071 cenobium
1738 4004 1966 4071 monachorum
1990 4006 2091 4088 diues,
2113 4009 2146 4073 in
2169 4009 2224 4075 ho·

557 4146 635 4188 nore
644 4120 671 4201 1)
694 4124 797 4188 sancti
816 4121 911 4187 Pauli
932 4120 1115 4203 fundatum,
1142 4122 1176 4185 in
1203 4144 1265 4209 quo
1294 4132 1491 4186 monstratur
1520 4144 1622 4209 parua
1651 4134 1768 4209 crypta
1790 4124 1896 4187 aureis
1917 4123 2051 4209 picturis
2073 4146 2138 4189 nou
2160 4124 2228 4211 plu-

557 4239 683 4321 rimum,
705 4238 762 4303 sed
786 4242 846 4315 ut¹)
870 4237 1027 4312 decet¹⁰³)
1054 4246 1185 4319 ornata,
1213 4237 1264 4301 uel
1287 4258 1441 4319 carrarca,
1464 4240 1497 4300 in
1519 4260 1584 4321 qua
1605 4250 1734 4302 sauctus
1756 4236 1876 4303 Paulus
1898 4240 1984 4303 facta
2005 4240 2227 4325 predicatione

624 4455 650 4520 a)
669 4452 750 4521 infra
764 4450 789 4503 B
802 4450 852 4506 Ed.
870 4450 938 4506 Voe.
967 4451 1042 4504 itura
1059 4467 1074 4504 e
1091 4452 1250 4504 coniectura
1267 4450 1436 4520 scripsimus.
1451 4482 1481 4491 -
1501 4451 1529 4523 b)
1547 4470 1625 4519 qrram
1642 4450 1726 4506 BEd.
1758 4454 1838 4515 Quem
1859 4468 1874 4505 e
1887 4452 2045 4507 coniectura
2058 4452 2226 4523 scripsimus.

689 4565 723 4572 —
741 4533 767 4604 c)
785 4534 980 4587 circumsteterat
996 4533 1029 4587 B.
1051 4536 1244 4588 circumiacent
1258 4534 1308 4588 Ed.
1329 4564 1359 4573 —
1377 4536 1406 4606 d)
1423 4536 1544 4603 reficeret
1560 4534 1593 4591 Β.
1611 4538 1764 4604 reficeretur
1781 4535 1833 4589 Ed.
1851 4566 1883 4573 -
1902 4538 1928 4607 e)
1943 4534 2071 4605 pomerio
2088 4534 2118 4589 B.
2132 4556 2229 4607 ponia-

689 4619 736 4671 ria
753 4616 803 4674 Ed.
840 4615 893 4671 Sed
914 4617 1039 4685 pomeria
1062 4624 1126 4671 sunt
1143 4618 1275 4689 pomaria.
1296 4646 1330 4657 -
1354 4616 1382 4685 f)
1400 4620 1481 4689 infra
1497 4618 1529 4673 B.
1552 4650 1584 4658 —
1610 4621 1640 4689 g)
1656 4636 1707 4689 prce
1723 4618 1809 4673 BEd.
1846 4618 1902 4681 Qui
1923 4617 2017 4689 (cives)
2037 4636 2052 4673 e
2070 4622 2228 4677 coniectura

689 4700 759 4755 dedi.
777 4730 811 4739 -
833 4698 862 4769 h)
882 4700 942 4753 Ieri
956 4700 989 4755 B.
1023 4702 1081 4755 Iezi
1096 4702 1146 4756 Ed.
1173 4733 1198 4740 -
1218 4702 1238 4765 1)
1256 4701 1327 4754 sima
1343 4718 1430 4771 aspra
1447 4704 1472 4757 d.
1492 4702 1524 4758 B.
1542 4705 1575 4757 dc
1592 4720 1646 4771 quo
1663 4722 1684 4757 s.
1703 4706 1728 4759 d.
1748 4704 1798 4759 Ed.
1818 4720 1858 4772 pr.
1877 4734 1912 4743 -
1934 4702 1965 4770 k)
1982 4705 2012 4756 ιἰι
2029 4704 2156 4759 innuerem
2174 4706 2226 4761 Ed.

690 4816 722 4826 -
741 4785 760 4848 1)
774 4784 924 4853 plurimum
943 4785 1014 4838 aaa
1029 4786 1104 4839 decu
1119 4784 1205 4840 BEd.

618 4994 669 5065 98)
690 4991 757 5065 ipsa
779 5000 891 5046 actoru
912 5020 953 5031 -
973 4988 1117 5063 naturae]
1141 4986 1187 5049 cf.
1209 4998 1268 5049 not
1291 4994 1338 5051 59.
1411 4989 1466 5049 bus
1488 4990 1612 5069 propriis
1633 4990 1841 5050 descendentia
1861 4990 1892 5048 in
1914 4990 2020 5068 linguis
2040 4994 2229 5055 orientalibus

616 5094 667 5162 99)
690 5097 722 5146 ut
744 5086 832 5163 tetiqr]
856 5094 925 5145 sect.
948 5091 975 5146 9.
1412 5090 1528 5167 saepius
1551 5090 1580 5147 in
1599 5108 1652 5163 1,..
1674 5090 1834 5161 terminari,
1866 5098 1899 5146 ut
1919 5107 1976 5169 upa
1998 5089 2157 5165 hebraeus,
2178 5090 2229 5151 do·

619 5192 686 5261 100)
710 5184 890 5259 consistorio]
911 5184 1029 5263 palatio.
1413 5196 1458 5245 cet
1477 5186 1581 5245 Ewald
1602 5188 1632 5246 in
1654 5186 1783 5247 Gramm.
1805 5185 1885 5247 hebr.
1909 5210 1932 5247 c.
1955 5186 2024 5267 115
2052 5195 2116 5249 161.

621 5290 691 5358 101)
712 5283 773 5341 Iezt'
794 5283 933 5359 singulari
956 5302 1074 5341 numero
1103 5282 1255 5342 collective
1276 5282 1370 5343 dictus
1480 5289 1548 5359 102)
1570 5286 1724 5343 Frederiri
1746 5286 1947 5363 imperatoris]
1977 5286 2118 5347 Friderici
2144 5291 2159 5349 I
2186 5290 2228 5349 iu·

555 5394 601 5444 est
621 5381 750 5454 Irrides,
778 5381 921 5454 Icaridos,
945 5381 1112 5441 Iardanos.
1154 5379 1288 5441 leeidani
1308 5382 1370 5441 dia·
1411 5384 1518 5443 teatina
1549 5394 1661 5445 tantum
1697 5394 1726 5444 et
1762 5384 1912 5445 cerebrum
1951 5397 1980 5447 et
2017 5406 2133 5447 caruem
2168 5390 2229 5447 An·

554 5483 654 5542 bolum
683 5480 805 5538 adorare
833 5480 973 5539 feruutur.
1016 5476 1099 5551 Quos
1124 5480 1154 5537 in
1176 5479 1263 5559 Syria
1284 5480 1369 5540 sedes
1411 5482 1554 5555 tiochiae,
1580 5502 1647 5542 ossa
1669 5482 1744 5563 Tyri
1775 5483 1890 5562 sepulta
1916 5504 1980 5545 esse
2008 5486 2126 5545 tradunt
2151 5486 2229 5545 Rau·

553 5582 691 5641 habuisse
713 5587 829 5636 etcum
845 5578 979 5637 Euchitis
1000 5577 1219 5658 Bogomilisque
1240 5578 1277 5638 de
1299 5600 1370 5638 non·
1412 5602 1508 5641 merus
1531 5580 1756 5641 Hebenstauien
1778 5582 1818 5640 ΙΙ.
1843 5587 1918 5657 137,
1941 5583 2063 5645 Wilken
2084 5584 2136 5644 IV.
2164 5588 2227 5645 143.

553 5681 642 5739 nullis
669 5676 774 5736 eadem
802 5678 927 5737 sensisse
955 5686 984 5735 et
1003 5675 1139 5737 docuisse
1160 5678 1249 5737 refert
1267 5681 1370 5737 Neara·
1481 5684 1547 5752 103)
1569 5682 1621 5739 sed
1643 5689 1675 5737 ut
1694 5680 1781 5757 decet]
1815 5680 1865 5739 Sic
1897 5682 2082 5742 scribendum
2109 5682 2228 5743 videba-

553 5782 607 5837 der
633 5779 665 5836 in
692 5776 840 5852 religionis
869 5775 1042 5835 christianae
1072 5775 1192 5835 historia
1212 5778 1370 5836 universali
1412 5788 1473 5850 tur,
1500 5798 1588 5857 quum
1610 5780 1739 5839 secunus
1764 5783 1800 5841 18
1829 5781 1980 5841 ecclesiam
2002 5781 2229 5861 supramodum

553 5876 621 5937 edit.
643 5874 691 5934 ΠΙ
713 5884 734 5935 t.
757 5874 797 5934 11.
823 5878 891 5935 631.
915 5882 974 5932 ιιοι.
1017 5872 1173 5933 Adiectiva
1199 5895 1218 5933 a
1247 5876 1370 5934 nomini·
1412 5884 1543 5935 ornatam
1566 5881 1816 5954 commemorarit;
1837 5880 1880 5937 sie·
1902 5880 1933 5937 in
1954 5880 2007 5937 sed
2028 5882 2213 5941 mutavimus.
