<?xml version="1.0" encoding="UTF-8"?>
<!DOCTYPE html PUBLIC "-//W3C//DTD XHTML 1.0 Transitional//EN"
    "http://www.w3.org/TR/xhtml1/DTD/xhtml1-transitional.dtd">
<html xmlns="http://www.w3.org/1999/xhtml" xml:lang="en" lang="en">
 <head>
  <title>
</title>
<meta http-equiv="Content-Type" content="text/html;charset=utf-8" />
  <meta name='ocr-system' content='tesseract 3.04.00' />
  <meta name='ocr-capabilities' content='ocr_page ocr_carea ocr_par ocr_line ocrx_word'/>
</head>
<body>
  <div class='ocr_page' id='page_1' title='image "./peregrinatoresm00odorgoog_0130.png"; bbox 0 0 5284 7042; ppageno 0'>
   <div class='ocr_carea' id='block_1_1' title="bbox 1374 739 1431 801">
    <p class='ocr_par' dir='ltr' id='par_1_1' title="bbox 1374 739 1431 801">
     <span class='ocr_line' id='line_1_1' title="bbox 1374 739 1431 801; baseline 0.035 -2"><span class='ocrx_word' id='word_1_1' title='bbox 1374 739 1431 801; x_wconf 79' lang='lat'><strong>120</strong></span> 
     </span>
    </p>
   </div>
   <div class='ocr_carea' id='block_1_2' title="bbox 529 914 2237 1253">
    <p class='ocr_par' dir='ltr' id='par_1_2' title="bbox 529 914 2237 1253">
     <span class='ocr_line' id='line_1_2' title="bbox 531 914 2237 1001; baseline -0.001 -20"><span class='ocrx_word' id='word_1_2' title='bbox 531 931 546 981; x_wconf 84' lang='grc'>3</span> <span class='ocrx_word' id='word_1_3' title='bbox 565 915 626 980; x_wconf 88' lang='lat' dir='ltr'><strong>bus</strong></span> <span class='ocrx_word' id='word_1_4' title='bbox 650 915 753 981; x_wconf 89' lang='lat' dir='ltr'><strong>solum</strong></span> <span class='ocrx_word' id='word_1_5' title='bbox 775 914 941 1001; x_wconf 71' lang='lat' dir='ltr'>indigetis,</span> <span class='ocrx_word' id='word_1_6' title='bbox 963 915 1086 981; x_wconf 88' lang='lat' dir='ltr'><strong>scilicet</strong></span> <span class='ocrx_word' id='word_1_7' title='bbox 1107 915 1297 981; x_wconf 74' lang='lat' dir='ltr'><strong>obediencia</strong></span> <span class='ocrx_word' id='word_1_8' title='bbox 1318 914 1362 979; x_wconf 90' lang='lat' dir='ltr'><strong>ad</strong></span> <span class='ocrx_word' id='word_1_9' title='bbox 1383 914 1562 1001; x_wconf 89' lang='lat' dir='ltr'><strong>principem</strong></span> <span class='ocrx_word' id='word_1_10' title='bbox 1586 925 1620 979; x_wconf 89' lang='lat' dir='ltr'><strong>et</strong></span> <span class='ocrx_word' id='word_1_11' title='bbox 1639 914 1814 981; x_wconf 88' lang='lat' dir='ltr'><strong>concordia</strong></span> <span class='ocrx_word' id='word_1_12' title='bbox 1836 914 1880 979; x_wconf 90' lang='lat' dir='ltr'><strong>ad</strong></span> <span class='ocrx_word' id='word_1_13' title='bbox 1896 916 2068 982; x_wconf 87' lang='lat' dir='ltr'><strong>inuicem.“</strong></span> <span class='ocrx_word' id='word_1_14' title='bbox 2102 915 2147 981; x_wconf 74' lang='lat' dir='ltr'><strong>nt</strong></span> <span class='ocrx_word' id='word_1_15' title='bbox 2160 924 2237 980; x_wconf 91' lang='lat' dir='ltr'><strong>tunc</strong></span> 
     </span>
     <span class='ocr_line' id='line_1_3' title="bbox 564 1028 2237 1119; baseline 0.001 -25"><span class='ocrx_word' id='word_1_16' title='bbox 564 1032 642 1095; x_wconf 87' lang='lat' dir='ltr'><strong>fecit</strong></span> <span class='ocrx_word' id='word_1_17' title='bbox 661 1032 786 1119; x_wconf 89' lang='lat' dir='ltr'><strong>portari</strong></span> <span class='ocrx_word' id='word_1_18' title='bbox 807 1054 917 1096; x_wconf 90' lang='lat' dir='ltr'><strong>coram</strong></span> <span class='ocrx_word' id='word_1_19' title='bbox 939 1030 1087 1097; x_wconf 89' lang='lat' dir='ltr'><strong>omnibus</strong></span> <span class='ocrx_word' id='word_1_20' title='bbox 1111 1040 1237 1097; x_wconf 90' lang='lat' dir='ltr'><strong>centum</strong></span> <span class='ocrx_word' id='word_1_21' title='bbox 1259 1032 1397 1117; x_wconf 85' lang='lat' dir='ltr'><strong>sagittas</strong></span> <span class='ocrx_word' id='word_1_22' title='bbox 1422 1028 1504 1095; x_wconf 89' lang='lat' dir='ltr'><strong>bene</strong></span> <span class='ocrx_word' id='word_1_23' title='bbox 1525 1029 1644 1115; x_wconf 85' lang='lat' dir='ltr'><strong>ligatas</strong></span> <span class='ocrx_word' id='word_1_24' title='bbox 1667 1030 1710 1097; x_wconf 91' lang='lat' dir='ltr'><strong>ad</strong></span> <span class='ocrx_word' id='word_1_25' title='bbox 1735 1032 1874 1096; x_wconf 89' lang='lat' dir='ltr'><strong>inuicem</strong></span> <span class='ocrx_word' id='word_1_26' title='bbox 1895 1031 1928 1095; x_wconf 92' lang='lat' dir='ltr'><strong>in</strong></span> <span class='ocrx_word' id='word_1_27' title='bbox 1950 1032 2087 1112; x_wconf 79' lang='lat' dir='ltr'><strong>fascem,</strong></span> <span class='ocrx_word' id='word_1_28' title='bbox 2108 1040 2141 1095; x_wconf 89' lang='lat' dir='ltr'><strong>et</strong></span> <span class='ocrx_word' id='word_1_29' title='bbox 2161 1032 2237 1096; x_wconf 89' lang='lat' dir='ltr'><strong>fecit</strong></span> 
     </span>
     <span class='ocr_line' id='line_1_4' title="bbox 529 1137 2236 1253; baseline -0.001 -42"><span class='ocrx_word' id='word_1_30' title='bbox 529 1137 638 1253; x_wconf 52' lang='lat' dir='ltr'><strong>{dari</strong></span> <span class='ocrx_word' id='word_1_31' title='bbox 658 1147 735 1212; x_wconf 89' lang='lat' dir='ltr'><strong>forti</strong></span> <span class='ocrx_word' id='word_1_32' title='bbox 753 1146 886 1229; x_wconf 91' lang='lat' dir='ltr'><strong>homini,</strong></span> <span class='ocrx_word' id='word_1_33' title='bbox 906 1156 938 1211; x_wconf 93' lang='lat' dir='ltr'><strong>et</strong></span> <span class='ocrx_word' id='word_1_34' title='bbox 960 1147 1137 1229; x_wconf 91' lang='lat' dir='ltr'><strong>mandauit,</strong></span> <span class='ocrx_word' id='word_1_35' title='bbox 1160 1146 1247 1234; x_wconf 92' lang='lat' dir='ltr'><strong>quod</strong></span> <span class='ocrx_word' id='word_1_36' title='bbox 1266 1147 1432 1233; x_wconf 88' lang='lat' dir='ltr'><strong>frangeret</strong></span> <span class='ocrx_word' id='word_1_37' title='bbox 1452 1146 1584 1211; x_wconf 78' lang='lat' dir='ltr'><strong>fascem.</strong></span> <span class='ocrx_word' id='word_1_38' title='bbox 1626 1147 1671 1212; x_wconf 86' lang='lat' dir='ltr'><strong>Et</strong></span> <span class='ocrx_word' id='word_1_39' title='bbox 1690 1170 1755 1212; x_wconf 91' lang='lat' dir='ltr'><strong>non</strong></span> <span class='ocrx_word' id='word_1_40' title='bbox 1778 1148 1892 1233; x_wconf 90' lang='lat' dir='ltr'><strong>potuit.</strong></span> <span class='ocrx_word' id='word_1_41' title='bbox 1935 1146 2236 1212; x_wconf 59' lang='grc' dir='ltr'><strong>1310111111·ῑώ-</strong></span> 
     </span>
    </p>
   </div>
   <div class='ocr_carea' id='block_1_3' title="bbox 529 1262 2239 1607">
    <p class='ocr_par' dir='ltr' id='par_1_3' title="bbox 529 1262 2239 1607">
     <span class='ocr_line' id='line_1_5' title="bbox 530 1262 2239 1349; baseline 0 -22"><span class='ocrx_word' id='word_1_42' title='bbox 530 1265 640 1344; x_wconf 82' lang='lat' dir='ltr'><strong>steri,</strong></span> <span class='ocrx_word' id='word_1_43' title='bbox 673 1263 729 1348; x_wconf 91' lang='lat' dir='ltr'><strong>qui</strong></span> <span class='ocrx_word' id='word_1_44' title='bbox 749 1285 809 1327; x_wconf 88' lang='lat' dir='ltr'><strong>nec</strong></span> <span class='ocrx_word' id='word_1_45' title='bbox 829 1265 980 1348; x_wconf 81' lang='lat' dir='ltr'><strong>frangere</strong></span> <span class='ocrx_word' id='word_1_46' title='bbox 999 1265 1120 1349; x_wconf 80' lang='lat' dir='ltr'><strong>potnit3</strong></span> <span class='ocrx_word' id='word_1_47' title='bbox 1154 1273 1186 1327; x_wconf 91' lang='lat' dir='ltr'><strong>et</strong></span> <span class='ocrx_word' id='word_1_48' title='bbox 1208 1263 1314 1328; x_wconf 89' lang='lat' dir='ltr'><strong>adhuc</strong></span> <span class='ocrx_word' id='word_1_49' title='bbox 1335 1262 1447 1343; x_wconf 89' lang='lat' dir='ltr'><strong>alteri,</strong></span> <span class='ocrx_word' id='word_1_50' title='bbox 1469 1264 1524 1349; x_wconf 89' lang='lat' dir='ltr'><strong>qui</strong></span> <span class='ocrx_word' id='word_1_51' title='bbox 1543 1284 1604 1328; x_wconf 91' lang='lat' dir='ltr'><strong>nec</strong></span> <span class='ocrx_word' id='word_1_52' title='bbox 1624 1262 1776 1349; x_wconf 85' lang='lat' dir='ltr'><strong>frangere</strong></span> <span class='ocrx_word' id='word_1_53' title='bbox 1797 1265 1908 1349; x_wconf 63' lang='lat' dir='ltr'><strong>potuit⁴</strong></span> <span class='ocrx_word' id='word_1_54' title='bbox 1951 1262 1995 1328; x_wconf 83' lang='lat' dir='ltr'><strong>Et</strong></span> <span class='ocrx_word' id='word_1_55' title='bbox 2016 1263 2063 1327; x_wconf 89' lang='lat' dir='ltr'><strong>ita</strong></span> <span class='ocrx_word' id='word_1_56' title='bbox 2083 1262 2239 1349; x_wconf 85' lang='lat' dir='ltr'><strong>probauit</strong></span> 
     </span>
     <span class='ocr_line' id='line_1_6' title="bbox 530 1375 2237 1465; baseline 0.001 -23"><span class='ocrx_word' id='word_1_57' title='bbox 530 1389 693 1449; x_wconf 77' lang='lat' dir='ltr'><strong>reantum</strong></span> <span class='ocrx_word' id='word_1_58' title='bbox 715 1377 877 1460; x_wconf 91' lang='lat' dir='ltr'><strong>homines,</strong></span> <span class='ocrx_word' id='word_1_59' title='bbox 906 1388 940 1443; x_wconf 89' lang='lat' dir='ltr'><strong>et</strong></span> <span class='ocrx_word' id='word_1_60' title='bbox 959 1378 1065 1442; x_wconf 93' lang='lat' dir='ltr'><strong>nullus</strong></span> <span class='ocrx_word' id='word_1_61' title='bbox 1087 1381 1191 1465; x_wconf 88' lang='lat' dir='ltr'><strong>potuit</strong></span> <span class='ocrx_word' id='word_1_62' title='bbox 1212 1380 1372 1464; x_wconf 89' lang='lat' dir='ltr'><strong>frangere.</strong></span> <span class='ocrx_word' id='word_1_63' title='bbox 1415 1378 1459 1443; x_wconf 82' lang='lat' dir='ltr'><strong>Et</strong></span> <span class='ocrx_word' id='word_1_64' title='bbox 1485 1386 1561 1443; x_wconf 90' lang='lat' dir='ltr'><strong>tunc</strong></span> <span class='ocrx_word' id='word_1_65' title='bbox 1588 1378 1664 1443; x_wconf 88' lang='lat' dir='ltr'><strong>fecit</strong></span> <span class='ocrx_word' id='word_1_66' title='bbox 1691 1377 1771 1443; x_wconf 89' lang='lat' dir='ltr'><strong>solui</strong></span> <span class='ocrx_word' id='word_1_67' title='bbox 1793 1380 1915 1443; x_wconf 86' lang='lat' dir='ltr'><strong>fascem</strong></span> <span class='ocrx_word' id='word_1_68' title='bbox 1938 1386 1970 1442; x_wconf 88' lang='lat' dir='ltr'><strong>et</strong></span> <span class='ocrx_word' id='word_1_69' title='bbox 1993 1375 2066 1442; x_wconf 92' lang='lat' dir='ltr'><strong>dari</strong></span> <span class='ocrx_word' id='word_1_70' title='bbox 2088 1378 2237 1464; x_wconf 81' lang='lat' dir='ltr'><strong>precepit</strong></span> 
     </span>
     <span class='ocr_line' id='line_1_7' title="bbox 529 1490 2238 1607; baseline -0.001 -48"><span class='ocrx_word' id='word_1_71' title='bbox 529 1490 697 1607; x_wconf 64' lang='lat' dir='ltr'><strong>garsilibet</strong></span> <span class='ocrx_word' id='word_1_72' title='bbox 722 1516 820 1557; x_wconf 85' lang='lat' dir='ltr'><strong>vnam</strong></span> <span class='ocrx_word' id='word_1_73' title='bbox 849 1495 1011 1580; x_wconf 84' lang='lat' dir='ltr'><strong>sagittam.</strong></span> <span class='ocrx_word' id='word_1_74' title='bbox 1054 1494 1099 1557; x_wconf 83' lang='lat' dir='ltr'><strong>Et</strong></span> <span class='ocrx_word' id='word_1_75' title='bbox 1127 1496 1195 1558; x_wconf 89' lang='lat' dir='ltr'><strong>eius</strong></span> <span class='ocrx_word' id='word_1_76' title='bbox 1221 1493 1375 1559; x_wconf 83' lang='lat' dir='ltr'><strong>mandato</strong></span> <span class='ocrx_word' id='word_1_77' title='bbox 1405 1491 1539 1577; x_wconf 84' lang='lat' dir='ltr'><strong>quilibet</strong></span> <span class='ocrx_word' id='word_1_78' title='bbox 1566 1495 1663 1579; x_wconf 89' lang='lat' dir='ltr'><strong>fregit</strong></span> <span class='ocrx_word' id='word_1_79' title='bbox 1691 1518 1790 1559; x_wconf 90' lang='lat' dir='ltr'><strong>suam.</strong></span> <span class='ocrx_word' id='word_1_80' title='bbox 1834 1494 1926 1557; x_wconf 86' lang='lat' dir='ltr'><strong>Tunc</strong></span> <span class='ocrx_word' id='word_1_81' title='bbox 1949 1494 2046 1557; x_wconf 84' lang='lat' dir='ltr'><strong>dixit:</strong></span> <span class='ocrx_word' id='word_1_82' title='bbox 2079 1492 2238 1577; x_wconf 62' lang='lat' dir='ltr'><strong>„Videtis</strong></span> 
     </span>
    </p>
   </div>
   <div class='ocr_carea' id='block_1_4' title="bbox 515 1606 2240 1927">
    <p class='ocr_par' dir='ltr' id='par_1_4' title="bbox 515 1606 2240 1927">
     <span class='ocr_line' id='line_1_8' title="bbox 564 1606 2238 1697; baseline -0.001 -23"><span class='ocrx_word' id='word_1_83' title='bbox 564 1609 719 1697; x_wconf 88' lang='lat' dir='ltr'><strong>quamdiu</strong></span> <span class='ocrx_word' id='word_1_84' title='bbox 738 1610 868 1673; x_wconf 88' lang='lat' dir='ltr'><strong>fuerunt</strong></span> <span class='ocrx_word' id='word_1_85' title='bbox 889 1612 1006 1695; x_wconf 81' lang='lat' dir='ltr'><strong>sagitte</strong></span> <span class='ocrx_word' id='word_1_86' title='bbox 1028 1608 1139 1689; x_wconf 87' lang='lat' dir='ltr'><strong>simul,</strong></span> <span class='ocrx_word' id='word_1_87' title='bbox 1167 1621 1295 1673; x_wconf 91' lang='lat' dir='ltr'><strong>centum</strong></span> <span class='ocrx_word' id='word_1_88' title='bbox 1323 1609 1469 1674; x_wconf 90' lang='lat' dir='ltr'><strong>homines</strong></span> <span class='ocrx_word' id='word_1_89' title='bbox 1498 1631 1562 1673; x_wconf 91' lang='lat' dir='ltr'><strong>non</strong></span> <span class='ocrx_word' id='word_1_90' title='bbox 1589 1618 1763 1697; x_wconf 87' lang='lat' dir='ltr'><strong>potuerunt</strong></span> <span class='ocrx_word' id='word_1_91' title='bbox 1790 1612 1941 1695; x_wconf 86' lang='lat' dir='ltr'><strong>frangere</strong></span> <span class='ocrx_word' id='word_1_92' title='bbox 1961 1630 2077 1689; x_wconf 83' lang='lat' dir='ltr'><strong>vnam3</strong></span> <span class='ocrx_word' id='word_1_93' title='bbox 2106 1606 2238 1695; x_wconf 88' lang='lat' dir='ltr'><strong>quando</strong></span> 
     </span>
     <span class='ocr_line' id='line_1_9' title="bbox 515 1723 2239 1812; baseline -0.001 -24"><span class='ocrx_word' id='word_1_94' title='bbox 515 1748 546 1799; x_wconf 88' lang='lat'><strong>10</strong></span> <span class='ocrx_word' id='word_1_95' title='bbox 563 1747 641 1790; x_wconf 89' lang='lat' dir='ltr'><strong>vero</strong></span> <span class='ocrx_word' id='word_1_96' title='bbox 662 1726 792 1789; x_wconf 88' lang='lat' dir='ltr'><strong>fuerunt</strong></span> <span class='ocrx_word' id='word_1_97' title='bbox 813 1735 972 1811; x_wconf 89' lang='lat' dir='ltr'><strong>separate,</strong></span> <span class='ocrx_word' id='word_1_98' title='bbox 993 1747 1055 1789; x_wconf 90' lang='lat' dir='ltr'><strong>nec</strong></span> <span class='ocrx_word' id='word_1_99' title='bbox 1074 1748 1140 1789; x_wconf 88' lang='lat' dir='ltr'><strong>vna</strong></span> <span class='ocrx_word' id='word_1_100' title='bbox 1159 1723 1289 1810; x_wconf 83' lang='lat' dir='ltr'><strong>quidem</strong></span> <span class='ocrx_word' id='word_1_101' title='bbox 1310 1727 1474 1789; x_wconf 80' lang='lat' dir='ltr'><strong>remansit.</strong></span> <span class='ocrx_word' id='word_1_102' title='bbox 1511 1724 1566 1790; x_wconf 90' lang='lat' dir='ltr'><strong>Sic</strong></span> <span class='ocrx_word' id='word_1_103' title='bbox 1587 1736 1618 1789; x_wconf 93' lang='lat' dir='ltr'><strong>et</strong></span> <span class='ocrx_word' id='word_1_104' title='bbox 1638 1749 1697 1791; x_wconf 83' lang='lat' dir='ltr'><strong>vos</strong></span> <span class='ocrx_word' id='word_1_105' title='bbox 1716 1726 1823 1790; x_wconf 90' lang='lat' dir='ltr'><strong>nullus</strong></span> <span class='ocrx_word' id='word_1_106' title='bbox 1844 1726 1963 1812; x_wconf 90' lang='lat' dir='ltr'><strong>poterit</strong></span> <span class='ocrx_word' id='word_1_107' title='bbox 1985 1745 2141 1810; x_wconf 86' lang='lat' dir='ltr'><strong>superare</strong></span> <span class='ocrx_word' id='word_1_108' title='bbox 2163 1744 2239 1789; x_wconf 89' lang='lat' dir='ltr'><strong>con-</strong></span> 
     </span>
     <span class='ocr_line' id='line_1_10' title="bbox 515 1839 2240 1927; baseline -0.001 -23"><span class='ocrx_word' id='word_1_109' title='bbox 515 1862 544 1911; x_wconf 84' lang='lat'><strong>11</strong></span> <span class='ocrx_word' id='word_1_110' title='bbox 563 1839 696 1923; x_wconf 88' lang='lat' dir='ltr'><strong>cordes,</strong></span> <span class='ocrx_word' id='word_1_111' title='bbox 727 1840 896 1905; x_wconf 76' lang='lat' dir='ltr'><strong>discordes</strong></span> <span class='ocrx_word' id='word_1_112' title='bbox 924 1864 1002 1905; x_wconf 87' lang='lat' dir='ltr'><strong>vcro</strong></span> <span class='ocrx_word' id='word_1_113' title='bbox 1025 1849 1057 1904; x_wconf 91' lang='lat' dir='ltr'><strong>et</strong></span> <span class='ocrx_word' id='word_1_114' title='bbox 1078 1840 1200 1905; x_wconf 89' lang='lat' dir='ltr'><strong>diuisos</strong></span> <span class='ocrx_word' id='word_1_115' title='bbox 1221 1842 1350 1924; x_wconf 88' lang='lat' dir='ltr'><strong>franget</strong></span> <span class='ocrx_word' id='word_1_116' title='bbox 1372 1850 1404 1905; x_wconf 89' lang='lat' dir='ltr'><strong>et</strong></span> <span class='ocrx_word' id='word_1_117' title='bbox 1425 1840 1592 1927; x_wconf 83' lang='lat' dir='ltr'><strong>superabit</strong></span> <span class='ocrx_word' id='word_1_118' title='bbox 1612 1842 1782 1907; x_wconf 88' lang='lat' dir='ltr'><strong>faciliter.“</strong></span> <span class='ocrx_word' id='word_1_119' title='bbox 1825 1842 1917 1905; x_wconf 86' lang='lat' dir='ltr'><strong>Tunc</strong></span> <span class='ocrx_word' id='word_1_120' title='bbox 1939 1840 2071 1904; x_wconf 80' lang='lat' dir='ltr'><strong>Tartari</strong></span> <span class='ocrx_word' id='word_1_121' title='bbox 2092 1839 2240 1903; x_wconf 90' lang='lat' dir='ltr'><strong>fecerunt</strong></span> 
     </span>
    </p>
   </div>
   <div class='ocr_carea' id='block_1_5' title="bbox 416 1954 2239 2044">
    <p class='ocr_par' dir='ltr' id='par_1_5' title="bbox 416 1954 2239 2044">
     <span class='ocr_line' id='line_1_11' title="bbox 416 1954 2239 2044; baseline -0.001 -24"><span class='ocrx_word' id='word_1_122' title='bbox 416 1978 420 1986; x_wconf 89' lang='grc'><strong>’</strong></span> <span class='ocrx_word' id='word_1_123' title='bbox 514 1977 544 2028; x_wconf 81' lang='lat'><strong>12</strong></span> <span class='ocrx_word' id='word_1_124' title='bbox 562 1968 629 2020; x_wconf 91' lang='lat' dir='ltr'><strong>tres</strong></span> <span class='ocrx_word' id='word_1_125' title='bbox 650 1966 782 2020; x_wconf 88' lang='lat' dir='ltr'><strong>turmas.</strong></span> <span class='ocrx_word' id='word_1_126' title='bbox 823 1956 897 2020; x_wconf 89' lang='lat' dir='ltr'><strong>Vna</strong></span> <span class='ocrx_word' id='word_1_127' title='bbox 927 1970 1033 2021; x_wconf 86' lang='lat' dir='ltr'><strong>turma</strong></span> <span class='ocrx_word' id='word_1_128' title='bbox 1061 1980 1133 2021; x_wconf 91' lang='lat' dir='ltr'><strong>cum</strong></span> <span class='ocrx_word' id='word_1_129' title='bbox 1154 1956 1276 2039; x_wconf 87' lang='lat' dir='ltr'><strong>Magno</strong></span> <span class='ocrx_word' id='word_1_130' title='bbox 1298 1954 1392 2021; x_wconf 83' lang='lat' dir='ltr'><strong>Ghan</strong></span> <span class='ocrx_word' id='word_1_131' title='bbox 1415 1958 1588 2042; x_wconf 88' lang='lat' dir='ltr'><strong>occupauit</strong></span> <span class='ocrx_word' id='word_1_132' title='bbox 1608 1955 1779 2021; x_wconf 85' lang='lat' dir='ltr'><strong>Cathaiam</strong></span> <span class='ocrx_word' id='word_1_133' title='bbox 1794 1959 1867 2039; x_wconf 87' lang='lat'><strong>¹⁰¹),</strong></span> <span class='ocrx_word' id='word_1_134' title='bbox 1895 1958 2098 2044; x_wconf 88' lang='lat' dir='ltr'><strong>prouinciam</strong></span> <span class='ocrx_word' id='word_1_135' title='bbox 2117 1954 2239 2021; x_wconf 85' lang='lat' dir='ltr'><strong>latissi-</strong></span> 
     </span>
    </p>
   </div>
   <div class='ocr_carea' id='block_1_6' title="bbox 512 2070 2238 3549">
    <p class='ocr_par' dir='ltr' id='par_1_6' title="bbox 512 2070 2238 3549">
     <span class='ocr_line' id='line_1_12' title="bbox 561 2070 2238 2158; baseline 0 -23"><span class='ocrx_word' id='word_1_136' title='bbox 561 2094 646 2135; x_wconf 90' lang='lat' dir='ltr'><strong>mam</strong></span> <span class='ocrx_word' id='word_1_137' title='bbox 668 2093 771 2158; x_wconf 87' lang='lat' dir='ltr'><strong>vsque</strong></span> <span class='ocrx_word' id='word_1_138' title='bbox 792 2071 835 2135; x_wconf 86' lang='lat' dir='ltr'><strong>ad</strong></span> <span class='ocrx_word' id='word_1_139' title='bbox 856 2072 1003 2137; x_wconf 73' lang='lat' dir='ltr'><strong>nltimam</strong></span> <span class='ocrx_word' id='word_1_140' title='bbox 1025 2072 1162 2154; x_wconf 82' lang='lat' dir='ltr'><strong>indiam,</strong></span> <span class='ocrx_word' id='word_1_141' title='bbox 1183 2082 1215 2135; x_wconf 89' lang='lat' dir='ltr'><strong>et</strong></span> <span class='ocrx_word' id='word_1_142' title='bbox 1237 2070 1425 2136; x_wconf 84' lang='lat' dir='ltr'><strong>oecidenmt</strong></span> <span class='ocrx_word' id='word_1_143' title='bbox 1446 2071 1492 2135; x_wconf 91' lang='lat' dir='ltr'><strong>ibi</strong></span> <span class='ocrx_word' id='word_1_144' title='bbox 1514 2082 1638 2158; x_wconf 85' lang='lat' dir='ltr'><strong>prester</strong></span> <span class='ocrx_word' id='word_1_145' title='bbox 1654 2072 1708 2149; x_wconf 75' lang='lat'>¹⁰²)</span> <span class='ocrx_word' id='word_1_146' title='bbox 1730 2071 1916 2155; x_wconf 88' lang='lat' dir='ltr'><strong>iohannem,</strong></span> <span class='ocrx_word' id='word_1_147' title='bbox 1939 2080 1971 2135; x_wconf 87' lang='lat' dir='ltr'><strong>et</strong></span> <span class='ocrx_word' id='word_1_148' title='bbox 1993 2080 2238 2157; x_wconf 88' lang='lat' dir='ltr'><strong>occupauerunt</strong></span> 
     </span>
     <span class='ocr_line' id='line_1_13' title="bbox 562 2187 2238 2274; baseline -0.001 -24"><span class='ocrx_word' id='word_1_149' title='bbox 562 2188 631 2251; x_wconf 89' lang='lat' dir='ltr'><strong>eius</strong></span> <span class='ocrx_word' id='word_1_150' title='bbox 659 2188 848 2273; x_wconf 88' lang='lat' dir='ltr'><strong>imperium,</strong></span> <span class='ocrx_word' id='word_1_151' title='bbox 881 2199 913 2252; x_wconf 90' lang='lat' dir='ltr'><strong>et</strong></span> <span class='ocrx_word' id='word_1_152' title='bbox 938 2189 1024 2254; x_wconf 89' lang='lat' dir='ltr'><strong>filius</strong></span> <span class='ocrx_word' id='word_1_153' title='bbox 1045 2188 1159 2273; x_wconf 88' lang='lat' dir='ltr'><strong>Magni</strong></span> <span class='ocrx_word' id='word_1_154' title='bbox 1177 2187 1270 2253; x_wconf 83' lang='lat' dir='ltr'><strong>Ghan</strong></span> <span class='ocrx_word' id='word_1_155' title='bbox 1283 2188 1340 2265; x_wconf 70' lang='grc'><strong>103)</strong></span> <span class='ocrx_word' id='word_1_156' title='bbox 1369 2190 1494 2274; x_wconf 85' lang='lat' dir='ltr'><strong>accepit</strong></span> <span class='ocrx_word' id='word_1_157' title='bbox 1510 2190 1564 2263; x_wconf 83' lang='lat'><strong>¹⁰⁴)</strong></span> <span class='ocrx_word' id='word_1_158' title='bbox 1596 2188 1694 2252; x_wconf 87' lang='lat' dir='ltr'><strong>filiam</strong></span> <span class='ocrx_word' id='word_1_159' title='bbox 1717 2198 1842 2273; x_wconf 90' lang='lat' dir='ltr'><strong>prester</strong></span> <span class='ocrx_word' id='word_1_160' title='bbox 1863 2187 2017 2253; x_wconf 90' lang='lat' dir='ltr'><strong>Iohannis</strong></span> <span class='ocrx_word' id='word_1_161' title='bbox 2035 2188 2069 2251; x_wconf 91' lang='lat' dir='ltr'><strong>in</strong></span> <span class='ocrx_word' id='word_1_162' title='bbox 2089 2208 2238 2268; x_wconf 87' lang='lat' dir='ltr'><strong>vxorem,</strong></span> 
     </span>
     <span class='ocr_line' id='line_1_14' title="bbox 563 2301 2238 2391; baseline -0.001 -24"><span class='ocrx_word' id='word_1_163' title='bbox 563 2314 596 2367; x_wconf 91' lang='lat' dir='ltr'><strong>et</strong></span> <span class='ocrx_word' id='word_1_164' title='bbox 618 2304 677 2367; x_wconf 91' lang='lat' dir='ltr'><strong>iuit</strong></span> <span class='ocrx_word' id='word_1_165' title='bbox 696 2302 988 2387; x_wconf 70' lang='lat' dir='ltr'><strong>Thancarum105),</strong></span> <span class='ocrx_word' id='word_1_166' title='bbox 1017 2314 1049 2368; x_wconf 89' lang='lat' dir='ltr'><strong>et</strong></span> <span class='ocrx_word' id='word_1_167' title='bbox 1072 2304 1303 2367; x_wconf 83' lang='lat' dir='ltr'><strong>destruxerunt</strong></span> <span class='ocrx_word' id='word_1_168' title='bbox 1324 2314 1356 2367; x_wconf 89' lang='lat' dir='ltr'><strong>et</strong></span> <span class='ocrx_word' id='word_1_169' title='bbox 1377 2304 1674 2368; x_wconf 84' lang='lat' dir='ltr'><strong>exterminauerunt</strong></span> <span class='ocrx_word' id='word_1_170' title='bbox 1695 2306 1729 2368; x_wconf 93' lang='lat' dir='ltr'><strong>in</strong></span> <span class='ocrx_word' id='word_1_171' title='bbox 1749 2303 1898 2391; x_wconf 90' lang='lat' dir='ltr'><strong>partibus</strong></span> <span class='ocrx_word' id='word_1_172' title='bbox 1921 2302 1984 2367; x_wconf 88' lang='lat' dir='ltr'><strong>illis</strong></span> <span class='ocrx_word' id='word_1_173' title='bbox 2008 2305 2095 2367; x_wconf 87' lang='lat' dir='ltr'><strong>circa</strong></span> <span class='ocrx_word' id='word_1_174' title='bbox 2117 2301 2238 2366; x_wconf 87' lang='lat' dir='ltr'><strong>duode-</strong></span> 
     </span>
     <span class='ocr_line' id='line_1_15' title="bbox 513 2416 2238 2505; baseline -0.001 -23"><span class='ocrx_word' id='word_1_175' title='bbox 513 2440 543 2489; x_wconf 79' lang='lat'><strong>1³</strong></span> <span class='ocrx_word' id='word_1_176' title='bbox 563 2421 625 2483; x_wconf 91' lang='lat' dir='ltr'><strong>cim</strong></span> <span class='ocrx_word' id='word_1_177' title='bbox 648 2440 767 2503; x_wconf 89' lang='lat' dir='ltr'><strong>magna</strong></span> <span class='ocrx_word' id='word_1_178' title='bbox 787 2442 897 2503; x_wconf 87' lang='lat' dir='ltr'><strong>regna.</strong></span> <span class='ocrx_word' id='word_1_179' title='bbox 941 2419 1016 2485; x_wconf 86' lang='lat' dir='ltr'><strong>Alia</strong></span> <span class='ocrx_word' id='word_1_180' title='bbox 1035 2431 1143 2484; x_wconf 89' lang='lat' dir='ltr'><strong>turma</strong></span> <span class='ocrx_word' id='word_1_181' title='bbox 1162 2420 1315 2483; x_wconf 79' lang='lat' dir='ltr'><strong>transisit</strong></span> <span class='ocrx_word' id='word_1_182' title='bbox 1338 2418 1434 2505; x_wconf 85' lang='lat' dir='ltr'><strong>Gyon</strong></span> <span class='ocrx_word' id='word_1_183' title='bbox 1459 2420 1527 2483; x_wconf 90' lang='lat' dir='ltr'><strong>siue</strong></span> <span class='ocrx_word' id='word_1_184' title='bbox 1547 2418 1683 2501; x_wconf 86' lang='lat' dir='ltr'><strong>Phison,</strong></span> <span class='ocrx_word' id='word_1_185' title='bbox 1708 2420 1840 2485; x_wconf 89' lang='lat' dir='ltr'><strong>fluuium</strong></span> <span class='ocrx_word' id='word_1_186' title='bbox 1863 2419 2030 2505; x_wconf 88' lang='lat' dir='ltr'><strong>paradisi,</strong></span> <span class='ocrx_word' id='word_1_187' title='bbox 2060 2428 2092 2482; x_wconf 88' lang='lat' dir='ltr'><strong>et</strong></span> <span class='ocrx_word' id='word_1_188' title='bbox 2111 2416 2238 2481; x_wconf 88' lang='lat' dir='ltr'><strong>destru-</strong></span> 
     </span>
     <span class='ocr_line' id='line_1_16' title="bbox 562 2532 2236 2617; baseline 0.001 -19"><span class='ocrx_word' id='word_1_189' title='bbox 562 2537 612 2598; x_wconf 84' lang='lat' dir='ltr'><strong>xit</strong></span> <span class='ocrx_word' id='word_1_190' title='bbox 634 2534 840 2599; x_wconf 83' lang='lat' dir='ltr'><strong>Corazmium</strong></span> <span class='ocrx_word' id='word_1_191' title='bbox 856 2538 927 2617; x_wconf 69' lang='lat'><strong>¹⁰⁶),</strong></span> <span class='ocrx_word' id='word_1_192' title='bbox 948 2535 1065 2601; x_wconf 90' lang='lat' dir='ltr'><strong>Medos</strong></span> <span class='ocrx_word' id='word_1_193' title='bbox 1087 2546 1118 2599; x_wconf 92' lang='lat' dir='ltr'><strong>et</strong></span> <span class='ocrx_word' id='word_1_194' title='bbox 1137 2535 1257 2599; x_wconf 89' lang='lat' dir='ltr'><strong>Persas</strong></span> <span class='ocrx_word' id='word_1_195' title='bbox 1279 2547 1311 2599; x_wconf 85' lang='lat' dir='ltr'><strong>et</strong></span> <span class='ocrx_word' id='word_1_196' title='bbox 1332 2534 1513 2599; x_wconf 88' lang='lat' dir='ltr'><strong>Baldacum</strong></span> <span class='ocrx_word' id='word_1_197' title='bbox 1527 2536 1599 2616; x_wconf 78' lang='lat'><strong>¹⁰⁷),</strong></span> <span class='ocrx_word' id='word_1_198' title='bbox 1634 2534 1742 2599; x_wconf 88' lang='lat' dir='ltr'><strong>sedem</strong></span> <span class='ocrx_word' id='word_1_199' title='bbox 1766 2536 2038 2615; x_wconf 86' lang='lat' dir='ltr'><strong>Sarracenorum,</strong></span> <span class='ocrx_word' id='word_1_200' title='bbox 2059 2544 2091 2599; x_wconf 90' lang='lat' dir='ltr'><strong>et</strong></span> <span class='ocrx_word' id='word_1_201' title='bbox 2111 2532 2236 2599; x_wconf 86' lang='lat' dir='ltr'><strong>occide·</strong></span> 
     </span>
     <span class='ocr_line' id='line_1_17' title="bbox 562 2650 2237 2737; baseline -0.001 -22"><span class='ocrx_word' id='word_1_202' title='bbox 562 2660 637 2715; x_wconf 91' lang='lat' dir='ltr'><strong>runt</strong></span> <span class='ocrx_word' id='word_1_203' title='bbox 652 2650 800 2731; x_wconf 84' lang='lat' dir='ltr'><strong>Galifarn,</strong></span> <span class='ocrx_word' id='word_1_204' title='bbox 822 2662 855 2715; x_wconf 90' lang='lat' dir='ltr'><strong>et</strong></span> <span class='ocrx_word' id='word_1_205' title='bbox 875 2662 1116 2737; x_wconf 88' lang='lat' dir='ltr'><strong>occupauerunt</strong></span> <span class='ocrx_word' id='word_1_206' title='bbox 1136 2650 1335 2716; x_wconf 86' lang='lat' dir='ltr'><strong>Thurehiam</strong></span> <span class='ocrx_word' id='word_1_207' title='bbox 1358 2660 1388 2714; x_wconf 91' lang='lat' dir='ltr'><strong>et</strong></span> <span class='ocrx_word' id='word_1_208' title='bbox 1409 2650 1595 2715; x_wconf 86' lang='lat' dir='ltr'><strong>oeciderunt</strong></span> <span class='ocrx_word' id='word_1_209' title='bbox 1611 2650 1842 2716; x_wconf 82' lang='lat' dir='ltr'><strong>Oorazmianos</strong></span> <span class='ocrx_word' id='word_1_210' title='bbox 1862 2673 1982 2731; x_wconf 90' lang='lat' dir='ltr'><strong>omnes,</strong></span> <span class='ocrx_word' id='word_1_211' title='bbox 2006 2660 2037 2714; x_wconf 88' lang='lat' dir='ltr'><strong>et</strong></span> <span class='ocrx_word' id='word_1_212' title='bbox 2057 2672 2237 2737; x_wconf 87' lang='lat' dir='ltr'><strong>occupaue-</strong></span> 
     </span>
     <span class='ocr_line' id='line_1_18' title="bbox 561 2766 2235 2855; baseline 0 -24"><span class='ocrx_word' id='word_1_213' title='bbox 561 2776 638 2831; x_wconf 88' lang='lat' dir='ltr'><strong>runt</strong></span> <span class='ocrx_word' id='word_1_214' title='bbox 659 2775 691 2831; x_wconf 90' lang='lat' dir='ltr'><strong>et</strong></span> <span class='ocrx_word' id='word_1_215' title='bbox 711 2768 1012 2832; x_wconf 86' lang='lat' dir='ltr'><strong>exterminauerunt</strong></span> <span class='ocrx_word' id='word_1_216' title='bbox 1033 2768 1164 2853; x_wconf 85' lang='lat' dir='ltr'><strong>Syriam</strong></span> <span class='ocrx_word' id='word_1_217' title='bbox 1185 2789 1287 2853; x_wconf 87' lang='lat' dir='ltr'><strong>vsque</strong></span> <span class='ocrx_word' id='word_1_218' title='bbox 1310 2766 1447 2849; x_wconf 84' lang='lat' dir='ltr'><strong>Gazam,</strong></span> <span class='ocrx_word' id='word_1_219' title='bbox 1468 2777 1500 2830; x_wconf 88' lang='lat' dir='ltr'><strong>et</strong></span> <span class='ocrx_word' id='word_1_220' title='bbox 1521 2778 1676 2855; x_wconf 89' lang='lat' dir='ltr'><strong>ceperunt</strong></span> <span class='ocrx_word' id='word_1_221' title='bbox 1697 2766 1906 2849; x_wconf 87' lang='lat' dir='ltr'><strong>iherusalem,</strong></span> <span class='ocrx_word' id='word_1_222' title='bbox 1929 2778 1960 2831; x_wconf 89' lang='lat' dir='ltr'><strong>et</strong></span> <span class='ocrx_word' id='word_1_223' title='bbox 1981 2766 2141 2831; x_wconf 87' lang='lat' dir='ltr'><strong>dederunt</strong></span> <span class='ocrx_word' id='word_1_224' title='bbox 2162 2788 2235 2831; x_wconf 85' lang='lat' dir='ltr'><strong>eam</strong></span> 
     </span>
     <span class='ocr_line' id='line_1_19' title="bbox 563 2880 2233 2968; baseline -0.001 -21"><span class='ocrx_word' id='word_1_225' title='bbox 563 2882 773 2963; x_wconf 80' lang='lat' dir='ltr'><strong>Christianis,</strong></span> <span class='ocrx_word' id='word_1_226' title='bbox 803 2892 835 2946; x_wconf 87' lang='lat' dir='ltr'><strong>et</strong></span> <span class='ocrx_word' id='word_1_227' title='bbox 855 2894 1098 2968; x_wconf 90' lang='lat' dir='ltr'><strong>occupauerunt</strong></span> <span class='ocrx_word' id='word_1_228' title='bbox 1116 2906 1138 2947; x_wconf 90' lang='lat' dir='ltr'><strong>a</strong></span> <span class='ocrx_word' id='word_1_229' title='bbox 1158 2884 1241 2947; x_wconf 88' lang='lat' dir='ltr'><strong>mari</strong></span> <span class='ocrx_word' id='word_1_230' title='bbox 1263 2881 1357 2947; x_wconf 87' lang='lat' dir='ltr'><strong>Indre</strong></span> <span class='ocrx_word' id='word_1_231' title='bbox 1378 2904 1480 2967; x_wconf 90' lang='lat' dir='ltr'><strong>vsque</strong></span> <span class='ocrx_word' id='word_1_232' title='bbox 1502 2882 1544 2946; x_wconf 87' lang='lat' dir='ltr'><strong>ad</strong></span> <span class='ocrx_word' id='word_1_233' title='bbox 1565 2906 1654 2947; x_wconf 88' lang='lat' dir='ltr'><strong>mare</strong></span> <span class='ocrx_word' id='word_1_234' title='bbox 1682 2883 1952 2948; x_wconf 89' lang='lat' dir='ltr'><strong>mediterraneum</strong></span> <span class='ocrx_word' id='word_1_235' title='bbox 1974 2904 2075 2967; x_wconf 92' lang='lat' dir='ltr'><strong>vsque</strong></span> <span class='ocrx_word' id='word_1_236' title='bbox 2098 2880 2233 2945; x_wconf 86' lang='lat' dir='ltr'><strong>Gazam.</strong></span> 
     </span>
     <span class='ocr_line' id='line_1_20' title="bbox 513 2996 2235 3119; baseline -0.001 -56"><span class='ocrx_word' id='word_1_237' title='bbox 513 3002 545 3119; x_wconf 47' lang='grc' dir='ltr'><strong>ἒξ</strong></span> <span class='ocrx_word' id='word_1_238' title='bbox 561 2998 612 3063; x_wconf 91' lang='lat' dir='ltr'><strong>Ibi</strong></span> <span class='ocrx_word' id='word_1_239' title='bbox 634 2996 799 3084; x_wconf 89' lang='lat' dir='ltr'><strong>prohibuit</strong></span> <span class='ocrx_word' id='word_1_240' title='bbox 818 3000 865 3062; x_wconf 93' lang='lat' dir='ltr'><strong>eis</strong></span> <span class='ocrx_word' id='word_1_241' title='bbox 885 3020 1004 3081; x_wconf 88' lang='lat' dir='ltr'><strong>arena,</strong></span> <span class='ocrx_word' id='word_1_242' title='bbox 1032 3022 1073 3063; x_wconf 93' lang='lat' dir='ltr'><strong>ne</strong></span> <span class='ocrx_word' id='word_1_243' title='bbox 1092 3006 1226 3085; x_wconf 90' lang='lat' dir='ltr'><strong>possent</strong></span> <span class='ocrx_word' id='word_1_244' title='bbox 1247 2999 1388 3062; x_wconf 87' lang='lat' dir='ltr'><strong>transire</strong></span> <span class='ocrx_word' id='word_1_245' title='bbox 1410 3000 1444 3061; x_wconf 91' lang='lat' dir='ltr'><strong>in</strong></span> <span class='ocrx_word' id='word_1_246' title='bbox 1464 2998 1631 3085; x_wconf 87' lang='lat' dir='ltr'><strong>Egiptum.</strong></span> <span class='ocrx_word' id='word_1_247' title='bbox 1675 2998 1796 3063; x_wconf 88' lang='lat' dir='ltr'><strong>Omnes</strong></span> <span class='ocrx_word' id='word_1_248' title='bbox 1826 3001 1907 3065; x_wconf 85' lang='lat' dir='ltr'><strong>istas</strong></span> <span class='ocrx_word' id='word_1_249' title='bbox 1927 2999 2114 3085; x_wconf 85' lang='lat' dir='ltr'><strong>prouincias</strong></span> <span class='ocrx_word' id='word_1_250' title='bbox 2136 2997 2235 3082; x_wconf 88' lang='lat' dir='ltr'><strong>depo-</strong></span> 
     </span>
     <span class='ocr_line' id='line_1_21' title="bbox 514 3111 2236 3203; baseline -0.001 -24"><span class='ocrx_word' id='word_1_251' title='bbox 514 3152 544 3202; x_wconf 85' lang='lat'><strong>16</strong></span> <span class='ocrx_word' id='word_1_252' title='bbox 561 3114 759 3200; x_wconf 81' lang='lat' dir='ltr'><strong>palabantur</strong></span> <span class='ocrx_word' id='word_1_253' title='bbox 783 3114 928 3178; x_wconf 89' lang='lat' dir='ltr'><strong>homines</strong></span> <span class='ocrx_word' id='word_1_254' title='bbox 955 3120 1095 3178; x_wconf 90' lang='lat' dir='ltr'><strong>inermes</strong></span> <span class='ocrx_word' id='word_1_255' title='bbox 1126 3137 1197 3178; x_wconf 91' lang='lat' dir='ltr'><strong>cum</strong></span> <span class='ocrx_word' id='word_1_256' title='bbox 1227 3113 1352 3178; x_wconf 88' lang='lat' dir='ltr'><strong>baculis</strong></span> <span class='ocrx_word' id='word_1_257' title='bbox 1385 3124 1416 3179; x_wconf 86' lang='lat' dir='ltr'><strong>et</strong></span> <span class='ocrx_word' id='word_1_258' title='bbox 1445 3113 1598 3201; x_wconf 85' lang='lat' dir='ltr'><strong>pelliceis.</strong></span> <span class='ocrx_word' id='word_1_259' title='bbox 1653 3114 1764 3203; x_wconf 90' lang='lat' dir='ltr'><strong>Aliqui</strong></span> <span class='ocrx_word' id='word_1_260' title='bbox 1796 3126 1921 3179; x_wconf 89' lang='lat' dir='ltr'><strong>tantum</strong></span> <span class='ocrx_word' id='word_1_261' title='bbox 1943 3135 2053 3179; x_wconf 89' lang='lat' dir='ltr'><strong>eorum</strong></span> <span class='ocrx_word' id='word_1_262' title='bbox 2071 3111 2236 3177; x_wconf 88' lang='lat' dir='ltr'><strong>habebant</strong></span> 
     </span>
     <span class='ocr_line' id='line_1_22' title="bbox 513 3228 2233 3317; baseline -0.003 -22"><span class='ocrx_word' id='word_1_263' title='bbox 513 3235 542 3284; x_wconf 79' lang='lat'><strong>1⁷</strong></span> <span class='ocrx_word' id='word_1_264' title='bbox 561 3253 666 3295; x_wconf 89' lang='lat' dir='ltr'><strong>arcus.</strong></span> <span class='ocrx_word' id='word_1_265' title='bbox 709 3230 775 3293; x_wconf 88' lang='lat' dir='ltr'><strong>Sed</strong></span> <span class='ocrx_word' id='word_1_266' title='bbox 801 3242 834 3294; x_wconf 88' lang='lat' dir='ltr'><strong>et</strong></span> <span class='ocrx_word' id='word_1_267' title='bbox 861 3252 961 3317; x_wconf 90' lang='lat' dir='ltr'><strong>equos</strong></span> <span class='ocrx_word' id='word_1_268' title='bbox 987 3252 1107 3316; x_wconf 89' lang='lat' dir='ltr'><strong>paruos</strong></span> <span class='ocrx_word' id='word_1_269' title='bbox 1136 3231 1281 3317; x_wconf 87' lang='lat' dir='ltr'><strong>equitant</strong></span> <span class='ocrx_word' id='word_1_270' title='bbox 1309 3230 1403 3316; x_wconf 89' lang='lat' dir='ltr'><strong>quasi</strong></span> <span class='ocrx_word' id='word_1_271' title='bbox 1430 3252 1558 3315; x_wconf 88' lang='lat' dir='ltr'><strong>capras.</strong></span> <span class='ocrx_word' id='word_1_272' title='bbox 1601 3231 1656 3297; x_wconf 85' lang='lat' dir='ltr'><strong>Ex</strong></span> <span class='ocrx_word' id='word_1_273' title='bbox 1685 3230 1747 3295; x_wconf 89' lang='lat' dir='ltr'><strong>hiis</strong></span> <span class='ocrx_word' id='word_1_274' title='bbox 1772 3240 1880 3297; x_wconf 84' lang='lat' dir='ltr'><strong>tantus</strong></span> <span class='ocrx_word' id='word_1_275' title='bbox 1899 3232 1953 3307; x_wconf 83' lang='lat'>¹⁰⁸)</span> <span class='ocrx_word' id='word_1_276' title='bbox 1977 3228 2091 3293; x_wconf 91' lang='lat' dir='ltr'><strong>horror</strong></span> <span class='ocrx_word' id='word_1_277' title='bbox 2113 3230 2233 3291; x_wconf 88' lang='lat' dir='ltr'><strong>inuasit</strong></span> 
     </span>
     <span class='ocr_line' id='line_1_23' title="bbox 514 3300 2234 3431; baseline -0.003 -20"><span class='ocrx_word' id='word_1_278' title='bbox 514 3300 543 3352; x_wconf 64' lang='lat'><strong>¹⁸</strong></span> <span class='ocrx_word' id='word_1_279' title='bbox 561 3369 671 3411; x_wconf 92' lang='lat' dir='ltr'><strong>omnes</strong></span> <span class='ocrx_word' id='word_1_280' title='bbox 699 3347 887 3431; x_wconf 91' lang='lat' dir='ltr'><strong>prouincias</strong></span> <span class='ocrx_word' id='word_1_281' title='bbox 915 3344 1102 3426; x_wconf 88' lang='lat' dir='ltr'><strong>orientales,</strong></span> <span class='ocrx_word' id='word_1_282' title='bbox 1133 3346 1218 3430; x_wconf 89' lang='lat' dir='ltr'><strong>quod</strong></span> <span class='ocrx_word' id='word_1_283' title='bbox 1240 3348 1274 3409; x_wconf 92' lang='lat' dir='ltr'><strong>in</strong></span> <span class='ocrx_word' id='word_1_284' title='bbox 1295 3344 1443 3431; x_wconf 88' lang='lat' dir='ltr'><strong>pluribus</strong></span> <span class='ocrx_word' id='word_1_285' title='bbox 1464 3346 1650 3411; x_wconf 83' lang='lat' dir='ltr'><strong>ciuitatibus</strong></span> <span class='ocrx_word' id='word_1_286' title='bbox 1672 3368 1713 3409; x_wconf 87' lang='lat' dir='ltr'><strong>ex</strong></span> <span class='ocrx_word' id='word_1_287' title='bbox 1736 3346 1804 3411; x_wconf 90' lang='lat' dir='ltr'><strong>solo</strong></span> <span class='ocrx_word' id='word_1_288' title='bbox 1827 3348 1941 3411; x_wconf 89' lang='lat' dir='ltr'><strong>timore</strong></span> <span class='ocrx_word' id='word_1_289' title='bbox 1962 3344 2101 3410; x_wconf 89' lang='lat' dir='ltr'><strong>nominis</strong></span> <span class='ocrx_word' id='word_1_290' title='bbox 2124 3340 2234 3406; x_wconf 88' lang='lat' dir='ltr'><strong>mulie-</strong></span> 
     </span>
     <span class='ocr_line' id='line_1_24' title="bbox 512 3458 2233 3549; baseline -0.003 -24"><span class='ocrx_word' id='word_1_291' title='bbox 512 3458 544 3508; x_wconf 81' lang='lat'><strong>19</strong></span> <span class='ocrx_word' id='word_1_292' title='bbox 561 3484 613 3525; x_wconf 90' lang='lat' dir='ltr'><strong>res</strong></span> <span class='ocrx_word' id='word_1_293' title='bbox 643 3472 839 3549; x_wconf 88' lang='lat' dir='ltr'><strong>pregnantes</strong></span> <span class='ocrx_word' id='word_1_294' title='bbox 865 3462 1010 3525; x_wconf 89' lang='lat' dir='ltr'><strong>fecerunt</strong></span> <span class='ocrx_word' id='word_1_295' title='bbox 1031 3459 1224 3527; x_wconf 86' lang='lat' dir='ltr'><strong>abortiuum.</strong></span> <span class='ocrx_word' id='word_1_296' title='bbox 1268 3460 1351 3540; x_wconf 78' lang='lat' dir='ltr'><strong>Quis</strong></span> <span class='ocrx_word' id='word_1_297' title='bbox 1374 3484 1527 3526; x_wconf 87' lang='lat' dir='ltr'><strong>enarrare</strong></span> <span class='ocrx_word' id='word_1_298' title='bbox 1549 3470 1666 3548; x_wconf 85' lang='lat' dir='ltr'><strong>potest,</strong></span> <span class='ocrx_word' id='word_1_299' title='bbox 1688 3472 1826 3549; x_wconf 84' lang='lat' dir='ltr'><strong>quantas</strong></span> <span class='ocrx_word' id='word_1_300' title='bbox 1847 3460 1943 3527; x_wconf 89' lang='lat' dir='ltr'><strong>cedes</strong></span> <span class='ocrx_word' id='word_1_301' title='bbox 1964 3460 2125 3525; x_wconf 86' lang='lat' dir='ltr'><strong>l&#39;sceruntl</strong></span> <span class='ocrx_word' id='word_1_302' title='bbox 2149 3458 2233 3522; x_wconf 90' lang='lat' dir='ltr'><strong>Nam</strong></span> 
     </span>
    </p>
   </div>
   <div class='ocr_carea' id='block_1_7' title="bbox 511 3524 1288 3661">
    <p class='ocr_par' dir='ltr' id='par_1_7' title="bbox 511 3524 1288 3661">
     <span class='ocr_line' id='line_1_25' title="bbox 511 3524 1288 3661; baseline 0 -22"><span class='ocrx_word' id='word_1_303' title='bbox 511 3524 544 3575; x_wconf 63' lang='lat'><strong>²⁰</strong></span> <span class='ocrx_word' id='word_1_304' title='bbox 561 3576 640 3639; x_wconf 92' lang='lat' dir='ltr'><strong>nulli</strong></span> <span class='ocrx_word' id='word_1_305' title='bbox 662 3575 852 3661; x_wconf 89' lang='lat' dir='ltr'><strong>parcebant,</strong></span> <span class='ocrx_word' id='word_1_306' title='bbox 875 3576 937 3639; x_wconf 92' lang='lat' dir='ltr'><strong>nisi</strong></span> <span class='ocrx_word' id='word_1_307' title='bbox 958 3575 1061 3640; x_wconf 89' lang='lat' dir='ltr'><strong>solum</strong></span> <span class='ocrx_word' id='word_1_308' title='bbox 1085 3575 1288 3642; x_wconf 86' lang='lat' dir='ltr'><strong>Christianis.</strong></span> 
     </span>
    </p>
   </div>
   <div class='ocr_carea' id='block_1_8' title="bbox 1178 3758 1618 3827">
    <p class='ocr_par' dir='ltr' id='par_1_8' title="bbox 1178 3758 1618 3827">
     <span class='ocr_line' id='line_1_26' title="bbox 1178 3758 1618 3827; baseline 0.005 -4"><span class='ocrx_word' id='word_1_309' title='bbox 1178 3758 1267 3823; x_wconf 87' lang='grc' dir='ltr'><strong>ΧΠΙ.</strong></span> <span class='ocrx_word' id='word_1_310' title='bbox 1309 3758 1373 3823; x_wconf 82' lang='lat' dir='ltr'><strong>DE</strong></span> <span class='ocrx_word' id='word_1_311' title='bbox 1393 3758 1618 3827; x_wconf 81' lang='lat' dir='ltr'><strong>BALDACO.</strong></span> 
     </span>
    </p>
   </div>
   <div class='ocr_carea' id='block_1_9' title="bbox 526 3906 2237 5037">
    <p class='ocr_par' dir='ltr' id='par_1_9' title="bbox 530 3906 2233 3997">
     <span class='ocr_line' id='line_1_27' title="bbox 530 3906 2233 3997; baseline 0.001 -28"><span class='ocrx_word' id='word_1_312' title='bbox 530 3937 540 3985; x_wconf 69' lang='lat'>1</span> <span class='ocrx_word' id='word_1_313' title='bbox 685 3907 858 3970; x_wconf 87' lang='lat' dir='ltr'><strong>Venientes</strong></span> <span class='ocrx_word' id='word_1_314' title='bbox 881 3916 988 3971; x_wconf 90' lang='lat' dir='ltr'><strong>autem</strong></span> <span class='ocrx_word' id='word_1_315' title='bbox 1010 3906 1053 3969; x_wconf 90' lang='lat' dir='ltr'><strong>ad</strong></span> <span class='ocrx_word' id='word_1_316' title='bbox 1075 3906 1238 3993; x_wconf 88' lang='lat' dir='ltr'><strong>quandam</strong></span> <span class='ocrx_word' id='word_1_317' title='bbox 1260 3910 1424 3973; x_wconf 89' lang='lat' dir='ltr'><strong>ciuitatem</strong></span> <span class='ocrx_word' id='word_1_318' title='bbox 1443 3932 1544 3997; x_wconf 87' lang='lat' dir='ltr'><strong>prope</strong></span> <span class='ocrx_word' id='word_1_319' title='bbox 1565 3908 1705 3990; x_wconf 90' lang='lat' dir='ltr'><strong>Baldac,</strong></span> <span class='ocrx_word' id='word_1_320' title='bbox 1728 3908 1784 3973; x_wconf 81' lang='lat' dir='ltr'><strong>vhi</strong></span> <span class='ocrx_word' id='word_1_321' title='bbox 1808 3921 1877 3975; x_wconf 88' lang='lat' dir='ltr'><strong>erat</strong></span> <span class='ocrx_word' id='word_1_322' title='bbox 1898 3910 2043 3975; x_wconf 86' lang='lat' dir='ltr'><strong>maxima</strong></span> <span class='ocrx_word' id='word_1_323' title='bbox 2063 3906 2233 3972; x_wconf 90' lang='lat' dir='ltr'><strong>multitudo</strong></span> 
     </span>
    </p>

    <p class='ocr_par' dir='ltr' id='par_1_10' title="bbox 526 4021 2237 4805">
     <span class='ocr_line' id='line_1_28' title="bbox 562 4021 2234 4110; baseline 0 -24"><span class='ocrx_word' id='word_1_324' title='bbox 562 4021 822 4086; x_wconf 85' lang='lat' dir='ltr'><strong>Christianorum</strong></span> <span class='ocrx_word' id='word_1_325' title='bbox 841 4030 875 4085; x_wconf 88' lang='lat' dir='ltr'><strong>et</strong></span> <span class='ocrx_word' id='word_1_326' title='bbox 894 4022 985 4085; x_wconf 90' lang='lat' dir='ltr'><strong>multi</strong></span> <span class='ocrx_word' id='word_1_327' title='bbox 1012 4022 1195 4107; x_wconf 89' lang='lat' dir='ltr'><strong>Sarraceni,</strong></span> <span class='ocrx_word' id='word_1_328' title='bbox 1216 4022 1386 4087; x_wconf 89' lang='lat' dir='ltr'><strong>mandauit</strong></span> <span class='ocrx_word' id='word_1_329' title='bbox 1407 4023 1517 4105; x_wconf 84' lang='lat' dir='ltr'><strong>Ghan,</strong></span> <span class='ocrx_word' id='word_1_330' title='bbox 1546 4025 1633 4110; x_wconf 93' lang='lat' dir='ltr'><strong>quod</strong></span> <span class='ocrx_word' id='word_1_331' title='bbox 1653 4025 1759 4090; x_wconf 91' lang='lat' dir='ltr'><strong>nullus</strong></span> <span class='ocrx_word' id='word_1_332' title='bbox 1782 4027 1918 4091; x_wconf 87' lang='lat' dir='ltr'><strong>intraret</strong></span> <span class='ocrx_word' id='word_1_333' title='bbox 1941 4024 2053 4091; x_wconf 88' lang='lat' dir='ltr'><strong>domos</strong></span> <span class='ocrx_word' id='word_1_334' title='bbox 2076 4022 2234 4089; x_wconf 84' lang='lat' dir='ltr'><strong>Christia-</strong></span> 
     </span>
     <span class='ocr_line' id='line_1_29' title="bbox 528 4135 2233 4229; baseline 0.002 -29"><span class='ocrx_word' id='word_1_335' title='bbox 528 4158 691 4218; x_wconf 78' lang='lat' dir='ltr'><strong>2n0rum,</strong></span> <span class='ocrx_word' id='word_1_336' title='bbox 720 4136 778 4201; x_wconf 89' lang='lat' dir='ltr'><strong>sed</strong></span> <span class='ocrx_word' id='word_1_337' title='bbox 798 4135 883 4201; x_wconf 92' lang='lat' dir='ltr'><strong>solos</strong></span> <span class='ocrx_word' id='word_1_338' title='bbox 905 4136 1103 4203; x_wconf 86' lang='lat' dir='ltr'><strong>Sarracenos</strong></span> <span class='ocrx_word' id='word_1_339' title='bbox 1123 4139 1348 4204; x_wconf 88' lang='lat' dir='ltr'><strong>interficerent.</strong></span> <span class='ocrx_word' id='word_1_340' title='bbox 1393 4138 1570 4205; x_wconf 83' lang='lat' dir='ltr'><strong>Christiani</strong></span> <span class='ocrx_word' id='word_1_341' title='bbox 1599 4164 1675 4207; x_wconf 89' lang='lat' dir='ltr'><strong>vero</strong></span> <span class='ocrx_word' id='word_1_342' title='bbox 1694 4154 1886 4228; x_wconf 87' lang='lat' dir='ltr'><strong>receperunt</strong></span> <span class='ocrx_word' id='word_1_343' title='bbox 1908 4143 2001 4229; x_wconf 86' lang='lat' dir='ltr'><strong>quasi</strong></span> <span class='ocrx_word' id='word_1_344' title='bbox 2023 4162 2133 4204; x_wconf 87' lang='lat' dir='ltr'><strong>omnes</strong></span> <span class='ocrx_word' id='word_1_345' title='bbox 2158 4139 2233 4203; x_wconf 83' lang='lat' dir='ltr'><strong>Sar·</strong></span> 
     </span>
     <span class='ocr_line' id='line_1_30' title="bbox 526 4252 2235 4344; baseline 0.002 -29"><span class='ocrx_word' id='word_1_346' title='bbox 526 4272 696 4322; x_wconf 77' lang='lat' dir='ltr'><strong>aracenos</strong></span> <span class='ocrx_word' id='word_1_347' title='bbox 726 4254 760 4315; x_wconf 88' lang='lat' dir='ltr'><strong>in</strong></span> <span class='ocrx_word' id='word_1_348' title='bbox 789 4252 937 4317; x_wconf 91' lang='lat' dir='ltr'><strong>domibus</strong></span> <span class='ocrx_word' id='word_1_349' title='bbox 965 4277 1105 4325; x_wconf 65' lang='lat' dir='ltr'><strong>eorum„</strong></span> <span class='ocrx_word' id='word_1_350' title='bbox 1128 4254 1201 4335; x_wconf 82' lang='lat' dir='ltr'><strong>Quo</strong></span> <span class='ocrx_word' id='word_1_351' title='bbox 1225 4263 1391 4342; x_wconf 88' lang='lat' dir='ltr'><strong>comperto</strong></span> <span class='ocrx_word' id='word_1_352' title='bbox 1412 4256 1580 4320; x_wconf 86' lang='lat' dir='ltr'><strong>mandauit</strong></span> <span class='ocrx_word' id='word_1_353' title='bbox 1601 4257 1711 4337; x_wconf 83' lang='lat' dir='ltr'><strong>Ghan,</strong></span> <span class='ocrx_word' id='word_1_354' title='bbox 1744 4256 1830 4344; x_wconf 89' lang='lat' dir='ltr'><strong>quod</strong></span> <span class='ocrx_word' id='word_1_355' title='bbox 1851 4268 1916 4321; x_wconf 88' lang='lat' dir='ltr'><strong>tarn</strong></span> <span class='ocrx_word' id='word_1_356' title='bbox 1938 4255 2114 4323; x_wconf 84' lang='lat' dir='ltr'><strong>Christiani</strong></span> <span class='ocrx_word' id='word_1_357' title='bbox 2137 4277 2235 4342; x_wconf 89' lang='lat' dir='ltr'><strong>quam</strong></span> 
     </span>
     <span class='ocr_line' id='line_1_31' title="bbox 526 4368 2234 4438; baseline -0.001 -1"><span class='ocrx_word' id='word_1_358' title='bbox 526 4368 733 4437; x_wconf 78' lang='lat' dir='ltr'><strong>rsarraeeni</strong></span> <span class='ocrx_word' id='word_1_359' title='bbox 762 4368 1027 4433; x_wconf 83' lang='lat' dir='ltr'><strong>interficerentur.</strong></span> <span class='ocrx_word' id='word_1_360' title='bbox 1070 4370 1241 4435; x_wconf 88' lang='lat' dir='ltr'><strong>Venientes</strong></span> <span class='ocrx_word' id='word_1_361' title='bbox 1271 4383 1378 4435; x_wconf 89' lang='lat' dir='ltr'><strong>antem</strong></span> <span class='ocrx_word' id='word_1_362' title='bbox 1401 4369 1579 4437; x_wconf 88' lang='lat' dir='ltr'><strong>Baldacum</strong></span> <span class='ocrx_word' id='word_1_363' title='bbox 1607 4376 1800 4438; x_wconf 89' lang='lat' dir='ltr'><strong>inuenerunt</strong></span> <span class='ocrx_word' id='word_1_364' title='bbox 1822 4370 1961 4437; x_wconf 81' lang='lat' dir='ltr'><strong>Galliam</strong></span> <span class='ocrx_word' id='word_1_365' title='bbox 1983 4370 2178 4435; x_wconf 87' lang='lat' dir='ltr'><strong>residentem</strong></span> <span class='ocrx_word' id='word_1_366' title='bbox 2201 4372 2234 4435; x_wconf 92' lang='lat' dir='ltr'><strong>in</strong></span> 
     </span>
     <span class='ocr_line' id='line_1_32' title="bbox 528 4482 2237 4573; baseline 0.001 -24"><span class='ocrx_word' id='word_1_367' title='bbox 528 4483 703 4550; x_wconf 72' lang='lat' dir='ltr'><strong>emirabili</strong></span> <span class='ocrx_word' id='word_1_368' title='bbox 731 4482 875 4569; x_wconf 89' lang='lat' dir='ltr'><strong>palacio,</strong></span> <span class='ocrx_word' id='word_1_369' title='bbox 908 4484 964 4549; x_wconf 88' lang='lat' dir='ltr'><strong>vbi</strong></span> <span class='ocrx_word' id='word_1_370' title='bbox 991 4498 1248 4571; x_wconf 86' lang='lat' dir='ltr'><strong>congregauerat</strong></span> <span class='ocrx_word' id='word_1_371' title='bbox 1274 4486 1417 4551; x_wconf 90' lang='lat' dir='ltr'><strong>infinitos</strong></span> <span class='ocrx_word' id='word_1_372' title='bbox 1446 4486 1616 4553; x_wconf 86' lang='lat' dir='ltr'><strong>thesauros</strong></span> <span class='ocrx_word' id='word_1_373' title='bbox 1632 4490 1698 4566; x_wconf 78' lang='lat'><strong>¹⁰⁹).</strong></span> <span class='ocrx_word' id='word_1_374' title='bbox 1742 4488 1807 4569; x_wconf 80' lang='lat' dir='ltr'><strong>Qui</strong></span> <span class='ocrx_word' id='word_1_375' title='bbox 1826 4488 1898 4553; x_wconf 89' lang='lat' dir='ltr'><strong>Deo</strong></span> <span class='ocrx_word' id='word_1_376' title='bbox 1930 4490 2037 4573; x_wconf 92' lang='lat' dir='ltr'><strong>ipsum</strong></span> <span class='ocrx_word' id='word_1_377' title='bbox 2059 4496 2237 4551; x_wconf 82' lang='lat' dir='ltr'><strong>excecente</strong></span> 
     </span>
     <span class='ocr_line' id='line_1_33' title="bbox 527 4598 2236 4690; baseline 0.002 -27"><span class='ocrx_word' id='word_1_378' title='bbox 527 4598 647 4664; x_wconf 77' lang='lat' dir='ltr'><strong>onullo</strong></span> <span class='ocrx_word' id='word_1_379' title='bbox 670 4598 765 4666; x_wconf 91' lang='lat' dir='ltr'><strong>modo</strong></span> <span class='ocrx_word' id='word_1_380' title='bbox 788 4611 916 4684; x_wconf 86' lang='lat' dir='ltr'><strong>poterat</strong></span> <span class='ocrx_word' id='word_1_381' title='bbox 938 4601 1071 4665; x_wconf 88' lang='lat' dir='ltr'><strong>eredere</strong></span> <span class='ocrx_word' id='word_1_382' title='bbox 1092 4600 1322 4684; x_wconf 88' lang='lat' dir='ltr'><strong>referentibus,</strong></span> <span class='ocrx_word' id='word_1_383' title='bbox 1351 4602 1438 4689; x_wconf 88' lang='lat' dir='ltr'><strong>quod</strong></span> <span class='ocrx_word' id='word_1_384' title='bbox 1460 4603 1594 4669; x_wconf 86' lang='lat' dir='ltr'><strong>Tartari</strong></span> <span class='ocrx_word' id='word_1_385' title='bbox 1616 4608 1797 4669; x_wconf 84' lang='lat' dir='ltr'><strong>intrassent</strong></span> <span class='ocrx_word' id='word_1_386' title='bbox 1842 4602 2159 4690; x_wconf 81' lang='lat' dir='ltr'><strong>Comprehendentes</strong></span> <span class='ocrx_word' id='word_1_387' title='bbox 2181 4624 2236 4667; x_wconf 89' lang='lat' dir='ltr'><strong>au-</strong></span> 
     </span>
     <span class='ocr_line' id='line_1_34' title="bbox 527 4716 2236 4805; baseline 0.004 -30"><span class='ocrx_word' id='word_1_388' title='bbox 527 4726 624 4781; x_wconf 80' lang='lat' dir='ltr'><strong>rtem</strong></span> <span class='ocrx_word' id='word_1_389' title='bbox 654 4738 726 4781; x_wconf 90' lang='lat' dir='ltr'><strong>eum</strong></span> <span class='ocrx_word' id='word_1_390' title='bbox 755 4716 901 4780; x_wconf 88' lang='lat' dir='ltr'><strong>fecerunt</strong></span> <span class='ocrx_word' id='word_1_391' title='bbox 930 4740 1002 4781; x_wconf 89' lang='lat' dir='ltr'><strong>enm</strong></span> <span class='ocrx_word' id='word_1_392' title='bbox 1033 4740 1070 4781; x_wconf 91' lang='lat' dir='ltr'><strong>eo</strong></span> <span class='ocrx_word' id='word_1_393' title='bbox 1101 4717 1328 4799; x_wconf 90' lang='lat' dir='ltr'><strong>durissimum,</strong></span> <span class='ocrx_word' id='word_1_394' title='bbox 1358 4718 1415 4783; x_wconf 91' lang='lat' dir='ltr'><strong>sed</strong></span> <span class='ocrx_word' id='word_1_395' title='bbox 1443 4722 1562 4783; x_wconf 89' lang='lat' dir='ltr'><strong>iustum</strong></span> <span class='ocrx_word' id='word_1_396' title='bbox 1592 4720 1754 4785; x_wconf 87' lang='lat' dir='ltr'><strong>iudicium.</strong></span> <span class='ocrx_word' id='word_1_397' title='bbox 1799 4720 1976 4783; x_wconf 80' lang='lat' dir='ltr'><strong>Nemeum</strong></span> <span class='ocrx_word' id='word_1_398' title='bbox 2000 4740 2059 4805; x_wconf 91' lang='lat' dir='ltr'><strong>per</strong></span> <span class='ocrx_word' id='word_1_399' title='bbox 2079 4730 2145 4783; x_wconf 88' lang='lat' dir='ltr'><strong>tres</strong></span> <span class='ocrx_word' id='word_1_400' title='bbox 2167 4717 2236 4782; x_wconf 90' lang='lat' dir='ltr'><strong>dies</strong></span> 
     </span>
    </p>

    <p class='ocr_par' dir='ltr' id='par_1_11' title="bbox 527 4830 2237 5037">
     <span class='ocr_line' id='line_1_35' title="bbox 560 4830 2236 4922; baseline 0.002 -26"><span class='ocrx_word' id='word_1_401' title='bbox 560 4831 658 4896; x_wconf 91' lang='lat' dir='ltr'><strong>nichil</strong></span> <span class='ocrx_word' id='word_1_402' title='bbox 687 4832 717 4894; x_wconf 90' lang='lat' dir='ltr'><strong>ei</strong></span> <span class='ocrx_word' id='word_1_403' title='bbox 746 4830 864 4895; x_wconf 89' lang='lat' dir='ltr'><strong>darent</strong></span> <span class='ocrx_word' id='word_1_404' title='bbox 884 4831 928 4896; x_wconf 90' lang='lat' dir='ltr'><strong>ad</strong></span> <span class='ocrx_word' id='word_1_405' title='bbox 948 4831 1192 4909; x_wconf 87' lang='lat' dir='ltr'><strong>comedendum,</strong></span> <span class='ocrx_word' id='word_1_406' title='bbox 1218 4843 1250 4897; x_wconf 90' lang='lat' dir='ltr'><strong>et</strong></span> <span class='ocrx_word' id='word_1_407' title='bbox 1277 4835 1348 4919; x_wconf 88' lang='lat' dir='ltr'><strong>ipse</strong></span> <span class='ocrx_word' id='word_1_408' title='bbox 1371 4844 1479 4899; x_wconf 90' lang='lat' dir='ltr'><strong>tamen</strong></span> <span class='ocrx_word' id='word_1_409' title='bbox 1501 4845 1626 4922; x_wconf 89' lang='lat' dir='ltr'><strong>peteret</strong></span> <span class='ocrx_word' id='word_1_410' title='bbox 1648 4835 1831 4916; x_wconf 90' lang='lat' dir='ltr'><strong>comedere,</strong></span> <span class='ocrx_word' id='word_1_411' title='bbox 1863 4844 2039 4921; x_wconf 88' lang='lat' dir='ltr'><strong>posuerunt</strong></span> <span class='ocrx_word' id='word_1_412' title='bbox 2067 4856 2177 4899; x_wconf 87' lang='lat' dir='ltr'><strong>coram</strong></span> <span class='ocrx_word' id='word_1_413' title='bbox 2199 4856 2236 4900; x_wconf 89' lang='lat' dir='ltr'><strong>eo</strong></span> 
     </span>
     <span class='ocr_line' id='line_1_36' title="bbox 527 4946 2237 5037; baseline 0.003 -29"><span class='ocrx_word' id='word_1_414' title='bbox 527 4958 677 5011; x_wconf 77' lang='lat' dir='ltr'><strong>taurum</strong></span> <span class='ocrx_word' id='word_1_415' title='bbox 703 4957 734 5010; x_wconf 89' lang='lat' dir='ltr'><strong>et</strong></span> <span class='ocrx_word' id='word_1_416' title='bbox 765 4956 935 5031; x_wconf 88' lang='lat' dir='ltr'><strong>argentum</strong></span> <span class='ocrx_word' id='word_1_417' title='bbox 965 4958 997 5011; x_wconf 86' lang='lat' dir='ltr'><strong>et</strong></span> <span class='ocrx_word' id='word_1_418' title='bbox 1022 4946 1147 5033; x_wconf 88' lang='lat' dir='ltr'><strong>lapides</strong></span> <span class='ocrx_word' id='word_1_419' title='bbox 1174 4949 1355 5035; x_wconf 88' lang='lat' dir='ltr'><strong>preciosos,</strong></span> <span class='ocrx_word' id='word_1_420' title='bbox 1393 4960 1428 5013; x_wconf 89' lang='lat' dir='ltr'><strong>vt</strong></span> <span class='ocrx_word' id='word_1_421' title='bbox 1455 4948 1638 5016; x_wconf 87' lang='lat' dir='ltr'><strong>comederet</strong></span> <span class='ocrx_word' id='word_1_422' title='bbox 1652 4954 1717 5029; x_wconf 89' lang='lat'><strong>¹¹⁰).</strong></span> <span class='ocrx_word' id='word_1_423' title='bbox 1767 4951 1947 5015; x_wconf 87' lang='lat' dir='ltr'><strong>Dixerunt:</strong></span> <span class='ocrx_word' id='word_1_424' title='bbox 1978 4950 2052 5033; x_wconf 83' lang='lat' dir='ltr'><strong>„Ex</strong></span> <span class='ocrx_word' id='word_1_425' title='bbox 2078 4972 2141 5037; x_wconf 92' lang='lat' dir='ltr'><strong>quo</strong></span> <span class='ocrx_word' id='word_1_426' title='bbox 2172 4972 2237 5014; x_wconf 92' lang='lat' dir='ltr'><strong>non</strong></span> 
     </span>
    </p>
   </div>
   <div class='ocr_carea' id='block_1_10' title="bbox 561 5114 2236 5593">
    <p class='ocr_par' dir='ltr' id='par_1_12' title="bbox 561 5114 2236 5297">
     <span class='ocr_line' id='line_1_37' title="bbox 626 5114 2236 5199; baseline 0.002 -24"><span class='ocrx_word' id='word_1_427' title='bbox 626 5120 694 5187; x_wconf 92' lang='grc'>101)</span> <span class='ocrx_word' id='word_1_428' title='bbox 720 5114 858 5191; x_wconf 73' lang='lat' dir='ltr'><strong>Uatinia]</strong></span> <span class='ocrx_word' id='word_1_429' title='bbox 874 5115 1019 5174; x_wconf 88' lang='lat' dir='ltr'><strong>Dicuntur</strong></span> <span class='ocrx_word' id='word_1_430' title='bbox 1039 5115 1255 5189; x_wconf 83' lang='lat' dir='ltr'><strong>Karahitaiani,</strong></span> <span class='ocrx_word' id='word_1_431' title='bbox 1270 5116 1377 5176; x_wconf 85' lang='lat' dir='ltr'><strong>devicti</strong></span> <span class='ocrx_word' id='word_1_432' title='bbox 1485 5122 1555 5193; x_wconf 89' lang='grc'>105)</span> <span class='ocrx_word' id='word_1_433' title='bbox 1580 5118 1778 5194; x_wconf 72' lang='lat' dir='ltr'><strong>Thurinorum]</strong></span> <span class='ocrx_word' id='word_1_434' title='bbox 1804 5118 1944 5179; x_wconf 81' lang='lat' dir='ltr'><strong>Fortasse</strong></span> <span class='ocrx_word' id='word_1_435' title='bbox 1971 5118 2077 5178; x_wconf 91' lang='lat' dir='ltr'><strong>dicitur</strong></span> <span class='ocrx_word' id='word_1_436' title='bbox 2094 5118 2236 5199; x_wconf 78' lang='lat' dir='ltr'><strong>Tayang-</strong></span> 
     </span>
     <span class='ocr_line' id='line_1_38' title="bbox 561 5214 2134 5297; baseline 0.004 -25"><span class='ocrx_word' id='word_1_437' title='bbox 561 5233 638 5272; x_wconf 82' lang='lat' dir='ltr'><strong>anno</strong></span> <span class='ocrx_word' id='word_1_438' title='bbox 664 5218 751 5273; x_wconf 82' lang='grc'><strong>1211.</strong></span> <span class='ocrx_word' id='word_1_439' title='bbox 1420 5214 1518 5291; x_wconf 85' lang='lat' dir='ltr'><strong>khan,</strong></span> <span class='ocrx_word' id='word_1_440' title='bbox 1541 5216 1657 5297; x_wconf 91' lang='lat' dir='ltr'><strong>dequo</strong></span> <span class='ocrx_word' id='word_1_441' title='bbox 1679 5214 1736 5275; x_wconf 86' lang='lat' dir='ltr'><strong>vid.</strong></span> <span class='ocrx_word' id='word_1_442' title='bbox 1760 5216 1931 5295; x_wconf 86' lang='lat' dir='ltr'><strong>Deguignes</strong></span> <span class='ocrx_word' id='word_1_443' title='bbox 1953 5216 2009 5277; x_wconf 93' lang='lat' dir='ltr'><strong>III.</strong></span> <span class='ocrx_word' id='word_1_444' title='bbox 2032 5221 2070 5278; x_wconf 80' lang='lat'><strong>42</strong></span> <span class='ocrx_word' id='word_1_445' title='bbox 2092 5238 2134 5297; x_wconf 89' lang='lat' dir='ltr'><strong>sq.</strong></span> 
     </span>
    </p>

    <p class='ocr_par' dir='ltr' id='par_1_13' title="bbox 1418 5314 2235 5493">
     <span class='ocr_line' id='line_1_39' title="bbox 1486 5314 2235 5391; baseline 0.001 -16"><span class='ocrx_word' id='word_1_446' title='bbox 1486 5318 1555 5389; x_wconf 88' lang='grc'><strong>106)</strong></span> <span class='ocrx_word' id='word_1_447' title='bbox 1594 5316 1783 5391; x_wconf 79' lang='lat' dir='ltr'><strong>Oorarmiurn]</strong></span> <span class='ocrx_word' id='word_1_448' title='bbox 1819 5314 2016 5376; x_wconf 86' lang='lat' dir='ltr'><strong>Ghowaresm.</strong></span> <span class='ocrx_word' id='word_1_449' title='bbox 2073 5316 2141 5377; x_wconf 91' lang='lat' dir='ltr'><strong>Vid.</strong></span> <span class='ocrx_word' id='word_1_450' title='bbox 2176 5318 2235 5376; x_wconf 85' lang='lat' dir='ltr'><strong>De·</strong></span> 
     </span>
     <span class='ocr_line' id='line_1_40' title="bbox 1418 5414 1768 5493; baseline 0.006 -22"><span class='ocrx_word' id='word_1_451' title='bbox 1418 5414 1544 5491; x_wconf 88' lang='lat' dir='ltr'><strong>guignss</strong></span> <span class='ocrx_word' id='word_1_452' title='bbox 1565 5414 1621 5473; x_wconf 88' lang='grc' dir='ltr'><strong>ΠΙ.</strong></span> <span class='ocrx_word' id='word_1_453' title='bbox 1643 5417 1680 5473; x_wconf 85' lang='grc'><strong>47</strong></span> <span class='ocrx_word' id='word_1_454' title='bbox 1704 5433 1768 5493; x_wconf 90' lang='lat' dir='ltr'><strong>sqq.</strong></span> 
     </span>
    </p>

    <p class='ocr_par' dir='ltr' id='par_1_14' title="bbox 1486 5513 1903 5593">
     <span class='ocr_line' id='line_1_41' title="bbox 1486 5513 1903 5593; baseline 0.01 -21"><span class='ocrx_word' id='word_1_455' title='bbox 1486 5513 1555 5584; x_wconf 88' lang='grc'><strong>107)</strong></span> <span class='ocrx_word' id='word_1_456' title='bbox 1575 5513 1748 5588; x_wconf 77' lang='lat' dir='ltr'><strong>Betriacum]</strong></span> <span class='ocrx_word' id='word_1_457' title='bbox 1771 5513 1903 5593; x_wconf 84' lang='lat' dir='ltr'><strong>Bagdad.</strong></span> 
     </span>
    </p>
   </div>
   <div class='ocr_carea' id='block_1_11' title="bbox 627 5610 2236 5769">
    <p class='ocr_par' dir='ltr' id='par_1_15' title="bbox 627 5610 2236 5769">
     <span class='ocr_line' id='line_1_42' title="bbox 752 5610 2236 5689; baseline -0.003 -12"><span class='ocrx_word' id='word_1_458' title='bbox 752 5673 781 5685; x_wconf 85' lang='grc'><strong>,,</strong></span> <span class='ocrx_word' id='word_1_459' title='bbox 947 5676 954 5688; x_wconf 65' lang='grc'>,</span> <span class='ocrx_word' id='word_1_460' title='bbox 1262 5676 1269 5689; x_wconf 65' lang='grc'>,</span> <span class='ocrx_word' id='word_1_461' title='bbox 1483 5615 1551 5686; x_wconf 88' lang='grc'><strong>108)</strong></span> <span class='ocrx_word' id='word_1_462' title='bbox 1573 5610 1683 5669; x_wconf 88' lang='lat' dir='ltr'><strong>Vocab.</strong></span> <span class='ocrx_word' id='word_1_463' title='bbox 1706 5620 1808 5671; x_wconf 81' lang='lat' dir='ltr'><strong>tantus</strong></span> <span class='ocrx_word' id='word_1_464' title='bbox 1830 5635 1846 5674; x_wconf 88' lang='lat' dir='ltr'><strong>a</strong></span> <span class='ocrx_word' id='word_1_465' title='bbox 1868 5614 2035 5673; x_wconf 84' lang='lat' dir='ltr'><strong>coniectura</strong></span> <span class='ocrx_word' id='word_1_466' title='bbox 2049 5612 2236 5675; x_wconf 88' lang='lat' dir='ltr'><strong>inserendum</strong></span> 
     </span>
     <span class='ocr_line' id='line_1_43' title="bbox 627 5671 1560 5769; baseline 0 -36"><span class='ocrx_word' id='word_1_467' title='bbox 627 5676 695 5746; x_wconf 84' lang='grc'>103)</span> <span class='ocrx_word' id='word_1_468' title='bbox 718 5674 816 5731; x_wconf 69' lang='lat' dir='ltr'><strong>Fusus</strong></span> <span class='ocrx_word' id='word_1_469' title='bbox 846 5676 952 5751; x_wconf 73' lang='lat' dir='ltr'><strong>Mapm</strong></span> <span class='ocrx_word' id='word_1_470' title='bbox 976 5674 1060 5735; x_wconf 80' lang='lat' dir='ltr'><strong>Chaa</strong></span> <span class='ocrx_word' id='word_1_471' title='bbox 1092 5684 1136 5735; x_wconf 89' lang='lat' dir='ltr'><strong>est</strong></span> <span class='ocrx_word' id='word_1_472' title='bbox 1157 5674 1287 5747; x_wconf 81' lang='lat' dir='ltr'><strong>&#39;Pusch1,</strong></span> <span class='ocrx_word' id='word_1_473' title='bbox 1315 5671 1375 5735; x_wconf 90' lang='lat' dir='ltr'><strong>Te·</strong></span> <span class='ocrx_word' id='word_1_474' title='bbox 1417 5708 1560 5769; x_wconf 38' lang='lat' dir='ltr'><strong>duximus·</strong></span> 
     </span>
    </p>
   </div>
   <div class='ocr_carea' id='block_1_12' title="bbox 560 5770 1710 5880">
    <p class='ocr_par' dir='ltr' id='par_1_16' title="bbox 560 5770 1710 5880">
     <span class='ocr_line' id='line_1_44' title="bbox 560 5770 1710 5880; baseline 0.016 -49"><span class='ocrx_word' id='word_1_475' title='bbox 560 5770 725 5831; x_wconf 89' lang='lat' dir='ltr'><strong>mndschini</strong></span> <span class='ocrx_word' id='word_1_476' title='bbox 745 5771 822 5830; x_wconf 89' lang='lat' dir='ltr'><strong>filins</strong></span> <span class='ocrx_word' id='word_1_477' title='bbox 843 5782 914 5832; x_wconf 85' lang='lat' dir='ltr'><strong>natu</strong></span> <span class='ocrx_word' id='word_1_478' title='bbox 930 5776 1082 5833; x_wconf 85' lang='lat' dir='ltr'><strong>maximus.</strong></span> <span class='ocrx_word' id='word_1_479' title='bbox 1116 5774 1184 5835; x_wconf 89' lang='lat' dir='ltr'><strong>Vid.</strong></span> <span class='ocrx_word' id='word_1_480' title='bbox 1203 5776 1375 5853; x_wconf 78' lang='lat' dir='ltr'><strong>Dsguigno·</strong></span> <span class='ocrx_word' id='word_1_481' title='bbox 1487 5810 1555 5880; x_wconf 69' lang='lat'>109)</span> <span class='ocrx_word' id='word_1_482' title='bbox 1578 5808 1653 5866; x_wconf 66' lang='lat' dir='ltr'><strong>ad„</strong></span> <span class='ocrx_word' id='word_1_483' title='bbox 1674 5806 1710 5869; x_wconf 47' lang='lat' dir='ltr'><strong>G,</strong></span> 
     </span>
    </p>
   </div>
   <div class='ocr_carea' id='block_1_13' title="bbox 559 5870 2235 6079">
    <p class='ocr_par' dir='ltr' id='par_1_17' title="bbox 559 5870 2235 6079">
     <span class='ocr_line' id='line_1_45' title="bbox 559 5870 2235 5981; baseline 0.003 -16"><span class='ocrx_word' id='word_1_484' title='bbox 559 5870 616 5930; x_wconf 76' lang='lat' dir='ltr'><strong>m·</strong></span> <span class='ocrx_word' id='word_1_485' title='bbox 642 5875 688 5931; x_wconf 78' lang='lat'><strong>¹9·</strong></span> <span class='ocrx_word' id='word_1_486' title='bbox 1483 5910 1551 5981; x_wconf 92' lang='grc'>110)</span> <span class='ocrx_word' id='word_1_487' title='bbox 1577 5906 1730 5966; x_wconf 87' lang='lat' dir='ltr'><strong>Vocabula</strong></span> <span class='ocrx_word' id='word_1_488' title='bbox 1750 5908 1802 5965; x_wconf 84' lang='lat' dir='ltr'><strong>sed</strong></span> <span class='ocrx_word' id='word_1_489' title='bbox 1813 5924 1924 5981; x_wconf 84' lang='lat' dir='ltr'><strong>panem</strong></span> <span class='ocrx_word' id='word_1_490' title='bbox 1945 5903 1990 5963; x_wconf 89' lang='lat' dir='ltr'><strong>bis</strong></span> <span class='ocrx_word' id='word_1_491' title='bbox 2012 5904 2102 5967; x_wconf 85' lang='lat' dir='ltr'><strong>habet</strong></span> <span class='ocrx_word' id='word_1_492' title='bbox 2122 5906 2168 5981; x_wconf 76' lang='lat' dir='ltr'><strong>G,</strong></span> <span class='ocrx_word' id='word_1_493' title='bbox 2190 5928 2235 5970; x_wconf 88' lang='lat' dir='ltr'><strong>se·</strong></span> 
     </span>
     <span class='ocr_line' id='line_1_46' title="bbox 626 6001 2197 6079; baseline 0.002 -16"><span class='ocrx_word' id='word_1_494' title='bbox 626 6007 696 6079; x_wconf 84' lang='grc'>101)</span> <span class='ocrx_word' id='word_1_495' title='bbox 716 6004 827 6079; x_wconf 85' lang='lat' dir='ltr'><strong>occipit</strong></span> <span class='ocrx_word' id='word_1_496' title='bbox 848 6001 883 6062; x_wconf 79' lang='lat' dir='ltr'><strong>G.</strong></span> <span class='ocrx_word' id='word_1_497' title='bbox 1417 6004 1475 6063; x_wconf 90' lang='lat' dir='ltr'><strong>mel</strong></span> <span class='ocrx_word' id='word_1_498' title='bbox 1497 6018 1566 6065; x_wconf 87' lang='lat' dir='ltr'><strong>ante</strong></span> <span class='ocrx_word' id='word_1_499' title='bbox 1585 6005 1689 6067; x_wconf 85' lang='lat' dir='ltr'><strong>vocab.</strong></span> <span class='ocrx_word' id='word_1_500' title='bbox 1711 6006 1853 6063; x_wconf 73' lang='lat' dir='ltr'><strong>dixerunt</strong></span> <span class='ocrx_word' id='word_1_501' title='bbox 1874 6012 1903 6061; x_wconf 90' lang='lat' dir='ltr'><strong>et</strong></span> <span class='ocrx_word' id='word_1_502' title='bbox 1924 6003 2026 6063; x_wconf 87' lang='lat' dir='ltr'><strong>iterum</strong></span> <span class='ocrx_word' id='word_1_503' title='bbox 2049 6024 2101 6065; x_wconf 91' lang='lat' dir='ltr'><strong>suo</strong></span> <span class='ocrx_word' id='word_1_504' title='bbox 2124 6008 2197 6066; x_wconf 92' lang='lat' dir='ltr'><strong>loco.</strong></span> 
     </span>
    </p>
   </div>
   <div class='ocr_carea' id='block_1_14' title="bbox 555 5344 1377 5624">
    <p class='ocr_par' dir='ltr' id='par_1_18' title="bbox 555 5344 1377 5624">
     <span class='ocr_line' id='line_1_47' title="bbox 627 5344 1377 5433; baseline 0.001 -29"><span class='ocrx_word' id='word_1_505' title='bbox 627 5348 694 5418; x_wconf 84' lang='grc'>102)</span> <span class='ocrx_word' id='word_1_506' title='bbox 709 5346 838 5421; x_wconf 79' lang='lat' dir='ltr'><strong>prester]</strong></span> <span class='ocrx_word' id='word_1_507' title='bbox 854 5344 1066 5425; x_wconf 82' lang='lat' dir='ltr'><strong>presbytorum,</strong></span> <span class='ocrx_word' id='word_1_508' title='bbox 1084 5344 1237 5405; x_wconf 85' lang='lat' dir='ltr'><strong>Gallorum</strong></span> <span class='ocrx_word' id='word_1_509' title='bbox 1246 5358 1377 5433; x_wconf 58' lang='lat' dir='ltr'><strong>prestre,</strong></span> 
     </span>
     <span class='ocr_line' id='line_1_48' title="bbox 555 5441 1375 5523; baseline 0.007 -26"><span class='ocrx_word' id='word_1_510' title='bbox 555 5444 669 5517; x_wconf 66' lang='lat' dir='ltr'><strong>preire.</strong></span> <span class='ocrx_word' id='word_1_511' title='bbox 692 5441 830 5503; x_wconf 86' lang='lat' dir='ltr'><strong>Ceterum</strong></span> <span class='ocrx_word' id='word_1_512' title='bbox 849 5454 962 5523; x_wconf 88' lang='lat' dir='ltr'><strong>prester</strong></span> <span class='ocrx_word' id='word_1_513' title='bbox 981 5444 1131 5505; x_wconf 85' lang='lat' dir='ltr'><strong>Iohannes</strong></span> <span class='ocrx_word' id='word_1_514' title='bbox 1145 5453 1189 5504; x_wconf 89' lang='lat' dir='ltr'><strong>est</strong></span> <span class='ocrx_word' id='word_1_515' title='bbox 1201 5444 1375 5522; x_wconf 75' lang='lat' dir='ltr'><strong>Oui-khan,</strong></span> 
     </span>
     <span class='ocr_line' id='line_1_49' title="bbox 559 5540 1375 5624; baseline 0.007 -26"><span class='ocrx_word' id='word_1_516' title='bbox 559 5542 696 5619; x_wconf 90' lang='lat' dir='ltr'><strong>princeps</strong></span> <span class='ocrx_word' id='word_1_517' title='bbox 704 5540 901 5601; x_wconf 86' lang='lat' dir='ltr'><strong>Keraiturum.</strong></span> <span class='ocrx_word' id='word_1_518' title='bbox 922 5542 991 5602; x_wconf 90' lang='lat' dir='ltr'><strong>Vid.</strong></span> <span class='ocrx_word' id='word_1_519' title='bbox 1004 5544 1177 5622; x_wconf 86' lang='lat' dir='ltr'><strong>Deguignes</strong></span> <span class='ocrx_word' id='word_1_520' title='bbox 1191 5544 1248 5605; x_wconf 89' lang='lat' dir='ltr'><strong>Ill.</strong></span> <span class='ocrx_word' id='word_1_521' title='bbox 1264 5549 1298 5604; x_wconf 89' lang='grc'><strong>16</strong></span> <span class='ocrx_word' id='word_1_522' title='bbox 1311 5564 1375 5624; x_wconf 89' lang='lat' dir='ltr'><strong>sqq.</strong></span> 
     </span>
    </p>
   </div>
   <div class='ocr_carea' id='block_1_15' title="bbox 0 0 2646 7042">
    <p class='ocr_par' dir='ltr' id='par_1_19' title="bbox 0 0 2646 7042">
     <span class='ocr_line' id='line_1_50' title="bbox 0 0 2646 7042; baseline 0 1"><span class='ocrx_word' id='word_1_523' title='bbox 0 0 2646 7042; x_wconf 95' lang='lat' dir='ltr'><strong> </strong></span> 
     </span>
    </p>
   </div>
  </div>
 </body>
</html>
