5284 7042
1382 631 1422 692 tt

848 805 1015 874 INCIPIT
1038 805 1249 872 SECUNDA
1267 805 1438 872 DIUISIO
1460 804 1645 886 QUARTE
1668 803 1948 873 ORIENTALIS.

532 955 542 1006 ι
687 939 744 1003 VI.
785 939 824 1003 In
852 936 995 1036 secunda
1021 938 1180 1004 diuisione
1207 946 1321 1025 quarte
1348 938 1514 1002 orientalis
1542 940 1648 1025 primo
1669 950 1743 1026 post
1763 939 1876 1003 Aceon
1897 935 2102 1023 procedendo
2124 950 2237 1002 contra

565 1065 790 1121 euroaustrum
816 1051 859 1117 ed
887 1061 1026 1138 quatuor
1045 1053 1155 1119 leucas
1178 1053 1217 1118 de
1239 1053 1351 1118 Accon
1374 1064 1424 1118 est
1447 1057 1552 1117 Olane
1578 1055 1763 1131 naturave
1774 1101 1783 1134 ,
1811 1053 1867 1117 ubi
1887 1052 2048 1118 Dominus
2075 1052 2236 1117 conuertit

564 1192 681 1258 aquam
708 1172 742 1235 in
774 1171 893 1234 uinum.
935 1169 980 1234 Et
1007 1168 1186 1234 ostenditur
1213 1168 1335 1234 ibidem
1356 1168 1451 1235 bodie
1480 1170 1588 1251 locus,
1619 1168 1677 1233 ubi
1703 1178 1861 1233 steterunt
1887 1191 1947 1232 sex
1965 1167 2060 1255 ydrie
2080 1179 2113 1232 et
2133 1167 2234 1234 tricli-

562 1289 663 1368 nium,
684 1288 716 1350 in
740 1307 802 1372 quo
825 1294 918 1349 erant
938 1307 1055 1350 mense.

689 1403 771 1466 Sunt
794 1411 902 1464 temen
923 1399 983 1465 hec
1003 1400 1089 1483 loce,
1112 1401 1195 1464 sicut
1216 1401 1324 1466 omnia
1346 1399 1412 1466 alie
1433 1399 1510 1480 fere,
1531 1401 1565 1464 in
1587 1399 1705 1485 quibus
1726 1399 1887 1464 Dominus
1908 1411 1958 1465 est
1979 1397 2101 1484 aliquid
2123 1421 2235 1486 opera·

562 1529 624 1600 tus,
646 1516 706 1581 sub
727 1527 824 1600 terra,
847 1525 879 1579 ει
900 1514 1106 1581 descenditur
1129 1514 1171 1580 ad
1193 1537 1232 1580 ee
1253 1517 1287 1580 in
1310 1525 1460 1602 cryptam
1481 1536 1540 1602 per
1561 1513 1670 1602 plures
1691 1515 1824 1601 gradm,
1845 1517 1928 1580 sieut
1947 1525 1996 1580 est
2010 1515 2101 1582 locus
2116 1537 2237 1580 ειιιιιιιι·

565 1634 713 1699 cietionis
742 1641 773 1697 ει
800 1633 980 1696 natiuitatis
1015 1643 1046 1696 et
1071 1633 1134 1696 iste
1155 1629 1269 1696 Obana
1292 1629 1418 1695 Galilee
1444 1641 1476 1695 et
1505 1629 1601 1717 plura
1627 1631 1710 1714 alia,
1741 1653 1803 1718 que
1826 1629 2038 1696 ostenduntur
2060 1629 2236 1695 subterra

564 1749 697 1826 Cuius·)
719 1749 767 1812 rei
787 1747 884 1812 aliem
906 1770 970 1812 non
991 1749 1122 1811 inuenio
1144 1749 1318 1828 rationem,
1348 1747 1411 1810 nisi
1434 1745 1520 1834 quod
1541 1768 1600 1832 per
1619 1746 1803 1833 frequentes
1826 1744 2059 1812 destructiones
2086 1745 2234 1812 ecclesia-

563 1887 645 1946 rum,
666 1865 700 1928 iu
722 1863 838 1951 quibus
862 1873 953 1927 eraut
974 1862 1046 1928 loca
1067 1865 1157 1949 ipsa,
1186 1863 1277 1926 ruine
1301 1871 1374 1926 sunt
1396 1883 1493 1948 super
1515 1873 1636 1926 terram
1658 1861 1815 1945 exultate,
1844 1871 1876 1925 et
1905 1863 1952 1927 sic
1974 1861 2237 1950 qualitercunque

564 1983 610 2045 eis
642 1980 855 2066 complanatis
884 1978 949 2044 ulie
980 1978 1108 2043 edificia
1137 1976 1276 2063 desuper
1307 1987 1382 2042 sunt
1412 1986 1605 2043 constructa.
1648 1977 1825 2044 Christiani
1852 1999 1930 2041 uero
1958 1975 2159 2043 deuotionem
2181 1978 2236 2044 ha·

563 2094 675 2160 benten
697 2095 852 2160 uisitendi
874 2094 947 2160 loca
967 2096 1032 2158 istu
1053 2103 1084 2158 ει
1105 2093 1249 2159 uolentes
1271 2092 1313 2157 ad
1334 2115 1415 2158 uera
1435 2092 1516 2174 loca,
1537 2093 1593 2157 ubi
1613 2115 1666 2158 res
1689 2101 1737 2157 est
1756 2101 1858 2177 gesta,
1880 2093 2061 2178 peruenire,
2084 2094 2237 2179 oportuit,

563 2221 600 2276 ut
619 2210 691 2276 loce
711 2210 955 2288 eruderarentb)
978 2207 1020 2274 ad
1042 2207 1164 2293 gradus
1185 2207 1361 2290 faciendos,
1383 2217 1418 2272 ut
1440 2210 1488 2272 sic
1509 2208 1552 2272 ad
1575 2231 1613 2273 ee
1635 2210 1851 2295 peruenirent.
1884 2207 1928 2272 Et
1947 2207 2021 2273 ideo
2042 2209 2110 2273 fere
2129 2211 2238 2274 omnia

563 2326 635 2392 loce
668 2328 732 2391 ista
762 2326 854 2412 quasi
880 2326 914 2388 in
937 2326 1094 2412 cryptis⁰)
1122 2324 1274 2388 uidentur
1295 2345 1376 2388 esse.
1421 2323 1536 2389 Chana
1559 2323 1686 2389 Gelilee
1709 2322 1751 2388 ab
1773 2323 1923 2410 aquilone
1944 2336 2085 2389 montem
2106 2323 2236 2398 habete>

564 2442 663 2507 altum
697 2453 728 2506 et
756 2439 936 2506 rottmdum.
977 2441 1023 2506 Et
1050 2451 1098 2506 est
1127 2441 1161 2504 in
1187 2440 1333 2511 decliuis)
1364 2438 1465 2504 latere
1497 2441 1566 2504 cius
1599 2443 1672 2506 sita.
1714 2440 1782 2506 Sub
1804 2463 1838 2504 εε
1857 2463 1937 2506 uero
1957 2451 2070 2506 contra
2092 2453 2235 2506 austrum

564 2557 663 2623 habet
683 2579 834 2644 campum
856 2567 888 2621 et
908 2555 1081 2644 planiciem
1103 2554 1199 2621 ualde
1221 2555 1405 2640 pulchram,
1438 2579 1535 2642 quam
1555 2556 1712 2644 Iosephus
1734 2555 1879 2643 appellat
1901 2555 2153 2637 cornelianvs,
2184 2579 2237 2620 ns·

566 2695 628 2762 que
650 2675 684 2736 iu
706 2671 930 2760 Sephoram‘),
950 2671 1088 2737 fertilem
1106 2673 1203 2737 nimis
1227 2681 1257 2736 et
1279 2679 1462 2747 emenamss)
1484 2671 1588 2737 ualde.

531 2802 547 2854 ι
688 2787 741 2854 De
763 2787 877 2854 Chaua
900 2787 1025 2854 Galilee
1052 2785 1178 2852 duabus
1200 2787 1299 2852 leucis
1323 2798 1435 2852 contra
1458 2787 1625 2852 meridiem
1647 2788 1730 2868 fere,
1752 2787 1786 2850 in
1807 2787 1877 2868 uia,
1907 2808 1969 2874 que
1990 2786 2030 2852 dc
2052 2786 2236 2874 sephorae)

565 2903 773 2970 Tiberiadem
795 2903 893 2988 ducit,
914 2917 963 2970 est
983 2903 1062 2968 uilla
1083 2901 1221 2990 quedam
1233 2903 1299 2984 ²⁷³),
1321 2899 1446 2981 Rama¹)
1467 2903 1605 2987 nomine,
1627 2905 1660 2968 in
1682 2925 1747 2989 qua
1759 2903 1855 2967 Ionas
1876 2901 2037 2989 propheta
2056 2901 2174 2967 dieitur
2187 2926 2236 2967 εε-

564 3019 671 3106 pultus
698 3021 876 3098 fluisse²⁷⁴).
918 3019 1006 3086 Uilla
1034 3021 1098 3084 ista
1120 3029 1169 3082 εει
1191 3017 1250 3083 sub
1272 3018 1451 3094 montem)
1474 3021 1552 3101 sita,
1579 3021 1633 3104 qui
1662 3018 1702 3083 de
1724 3014 1921 3096 Nazarethl)
1948 3021 2080 3085 ueniens
2101 3018 2236 3084 includit

563 3135 745 3223 predictam
767 3134 885 3200 uallem
908 3135 1092 3202 Carmelion
1115 3157 1134 3200 a
1155 3143 1248 3221 parte
1272 3132 1416 3198 australi.

531 3269 545 3320 3
687 3252 739 3316 De
760 3251 892 3331 Ruma¹)
926 3251 968 3316 cd
992 3273 1091 3316 unum
1118 3249 1243 3314 leucam
1271 3258 1303 3313 et
1328 3249 1397 3314 fere
1417 3247 1585 3314 dimidiam
1614 3260 1728 3314 contra
1756 3251 1913 3314 orientem
1932 3259 1982 3315 est
2001 3249 2082 3316 uilla
2101 3249 2235 3336 grandis

564 3366 736 3455 quondum,
759 3377 793 3430 ut
814 3365 952 3449 uidetur,
974 3367 1102 3432 nomine
1124 3370 1331 3444 Atelmeotae)
1344 3365 1417 3444 ²⁷⁰),
1441 3363 1481 3428 de
1503 3387 1567 3451 que
1587 3365 1705 3451 legitur
1724 3366 1758 3430 in
1779 3365 1904 3447 Iudith,
1937 3365 2021 3450 quod
2044 3364 2237 3432 Holofernae

631 3533 658 3596 a)
676 3529 722 3582 eui
739 3530 778 3584 St.
801 3531 920 3586 calueh.
944 3559 977 3570 -
1005 3531 1034 3592 h>
1054 3531 1214 3584 audomar
1231 3528 1271 3584 st.
1291 3531 1469 3583 mulerureot
1485 3528 1511 3584 h.
1529 3559 1562 3569 —
1579 3533 1606 3596 c)
1622 3531 1737 3601 scriptis
1755 3529 1795 3584 st.
1812 3559 1845 3570 -·
1871 3532 1901 3593 dl
1920 3531 2018 3586 babere
2035 3529 2075 3585 St
2110 3529 2237 3586 Habete

698 3614 858 3668 coniectura
875 3615 1023 3684 posuimus.
1044 3645 1070 3654 -
1091 3625 1117 3678 ε)
1136 3612 1216 3666 elicii
1233 3611 1265 3667 St
1276 3611 1301 3666 h.
1323 3643 1350 3651 -
1371 3611 1398 3678 f)
1417 3612 1569 3684 Sephoram
1588 3613 1627 3668 st
1644 3645 1676 3653 -
1695 3628 1725 3684 gt
1743 3631 1865 3668 ommmm
1883 3613 1916 3669 St
1927 3613 1954 3670 h.
1976 3647 2002 3656 -
2025 3613 2055 3676 h)
2067 3613 2184 3684 replente
2195 3612 2236 3670 St.

699 3685 912 3764 quamsit.
949 3697 1029 3763 Quod
1048 3695 1200 3753 emendari.
1219 3727 1253 3736 -
1273 3696 1303 3766 k)
1320 3696 1461 3750 Nazarabt
1479 3697 1519 3750 St.
1541 3729 1569 3738 -
1591 3697 1612 3762 l)
1631 3698 1724 3751 Roma
1738 3696 1778 3751 St.
1796 3699 1879 3751 mina
1896 3697 1937 3750 ed.
1955 3704 2063 3754 veneta.
2082 3727 2116 3736 -
2139 3701 2176 3762 m)
2195 3696 2236 3751 St.

699 3779 783 3834 habat
800 3781 900 3834 eulina.
918 3812 950 3822 -
968 3781 1036 3836 cod.
1054 3779 1140 3834 Bern:
1158 3779 1278 3834 Beelmo.
1312 3779 1406 3834 Editio
1424 3779 1546 3834 Veneta:
1566 3781 1746 3834 Abelmmlom
1762 3782 1821 3836 ciue
1839 3781 1971 3834 Betmam.

631 3920 702 3992 271)
729 3918 832 3977 Chasa
864 3919 988 3995 Golilee]
1022 3919 1128 3978 Nullus
1157 3917 1277 3990 dubito,
1311 3919 1381 3997 quin
1424 3916 1469 3977 Cf.
1495 3917 1590 3978 Ritter
1618 3917 1705 3978 XVI.
1734 3924 1791 3980 765
1828 3929 1858 3979 ει
1883 3917 2079 3978 Vaudeveldii
2107 3918 2237 3979 tabulam

565 4017 750 4078 Burchardus
764 4019 864 4077 viserit
880 4037 979 4076 veram
997 4008 1145 4098 antiquam
1162 4015 1283 4084 Canem,
1305 4035 1382 4096 quae
1421 4036 1521 4094 geogr.
1544 4026 1613 4078 sect.
1635 4023 1662 4078 3.

565 4127 609 4178 est
627 4137 727 4178 recens
750 4115 877 4176 Khirhet
895 4117 984 4176 Kena
1006 4118 1067 4178 sive
1088 4117 1176 4176 Kana
1195 4115 1382 4186 el·Dsehclil‚
1484 4120 1556 4188 273)
1576 4118 1685 4193 Roma]
1707 4115 1822 4176 Rumub
1844 4126 1889 4176 est
1909 4118 1942 4176 Π
1961 4116 2034 4194 Reg.
2057 4121 2105 4188 23,
2127 4122 2174 4180 26.
2200 4115 2239 4178 V.

565 4237 624 4276 non
652 4217 728 4275 chr
752 4215 869 4274 Kenna.
910 4215 975 4274 Nec
1002 4219 1097 4274 minus
1128 4235 1298 4294 persuasum
1329 4213 1380 4272 ha·
1421 4213 1540 4294 Iosephi
1562 4215 1596 4276 B.
1616 4215 1646 4274 J.
1669 4217 1725 4278 III.
1752 4223 1782 4286 7,
1813 4221 1860 4275 2t.
1915 4215 2003 4274 Nunc
2028 4225 2150 4276 vocatur
2175 4215 2239 4276 Ha·

564 4315 636 4385 beo,
663 4315 803 4390 integram
831 4313 907 4374 hanc
934 4325 963 4373 et
984 4335 1083 4374 veram
1104 4312 1264 4372 Burchardi
1292 4314 1380 4392 scrip-
1423 4313 1525 4372 rdmah
1554 4333 1576 4373 ε,
1595 4313 1723 4373 Khirhet
1743 4315 1884 4376 e1··Rumi.
1927 4313 1963 4374 V.
1992 4335 2051 4373 van
2082 4313 2120 4373 de
2143 4313 2238 4376 Valde

564 4417 673 4474 tionem
696 4433 775 4486 esse;
796 4413 887 4472 tribus
912 4415 988 4472 enim
1010 4412 1090 4472 libris
1112 4411 1382 4472 vratislaviensibus
1423 4411 1510 4471 Mem.
1533 4433 1562 4490 p.
1583 4415 1657 4485 3453
1678 4413 1774 4472 Ritter
1791 4411 1877 4472 XVI.
1900 4418 1966 4474 765.

566 4514 758 4575 confirmetur.
799 4511 835 4571 Id
858 4511 935 4590 quod
955 4512 1135 4583 Robinsono,
1157 4511 1219 4570 Pal.
1238 4512 1295 4570 III.
1322 4517 1381 4572 tte
1486 4515 1556 4583 274)
1580 4513 1672 4569 Ionas
1689 4534 1723 4588 p.
1746 4513 1878 4588 seprrltoa
1893 4512 2012 4586 foisse]
2040 4513 2076 4571 In
2099 4511 2237 4590 pago-el·

565 4623 636 4673 nota
663 4610 701 4670 de
726 4611 791 4688 ipsa
819 4630 890 4669 veru
916 4610 1077 4670 Burchardi
1105 4611 1277 4689 scriptione,
1306 4630 1382 4690 quae
1423 4607 1578 4681 Mesched,
1608 4630 1667 4669 non
1697 4610 1810 4669 Rumuc
1842 4618 2019 4670 monstratur
2039 4611 2116 4673 Nobi
2138 4615 2238 4691 Iunas,

566 4713 611 4785 sit,
631 4709 750 4770 dubium
773 4709 950 4781 haerentem,
972 4729 1144 4788 responsum
1160 4707 1303 4769 volumus.
1334 4707 1380 4768 (ll.
1423 4707 1587 4786 sepulerum
1610 4710 1717 4768 Ionae:
1739 4731 1766 4768 v.
1788 4709 1883 4769 Ritter
1902 4709 1988 4771 XVI.
2012 4717 2080 4775 680.

566 4829 625 4870 ran
655 4808 692 4868 de
714 4805 810 4868 Velde
831 4807 919 4866 Mem.
951 4829 979 4887 p.
1003 4813 1070 4869 301.
1111 4806 1263 4866 Robinson
1286 4807 1323 4867 N.
1346 4808 1380 4868 F.
1484 4809 1556 4876 275)
1577 4809 1630 4865 aab
1651 4810 1754 4883 monte]
1776 4810 1793 4869 i.
1814 4829 1841 4868 e.
1864 4809 1934 4869 'rell
1955 4809 2056 4884 (colle)
2075 4809 2202 4872 Rumah.

566 4929 594 4988 p.
611 4911 677 4970 826.
712 4906 897 4986 Quamquam
917 4909 993 4966 enirn
1009 4906 1238 4965 KhirhetKane
1253 4927 1274 4967 s.
1291 4907 1382 4966 Kana
1486 4910 1558 4979 276)
1571 4907 1797 4972 ,Abelmeala-
1814 4909 1925 4984 Iudith]
1947 4910 1985 4967 In
2006 4907 2080 4967 libro
2102 4907 2238 4970 Iudithae

566 5005 742 5066 el·Dsehelil
758 5005 928 5066 Robinsonc
944 5013 1061 5065 auctore
1079 5007 1198 5064 Accone
1215 5004 1299 5064 abest
1317 5011 1334 5065 5
1352 5005 1381 5066 h.
1422 5003 1493 5064 VII.
1511 5009 1528 5066 3
1544 5015 1786 5064 commemoratur
1808 5006 1906 5077 „locus
1922 5007 1971 5086 qui
1991 5006 2095 5066 dicitur
2110 5007 2237 5067 Belma“.

568 5105 629 5176 35‘‚
658 5125 745 5183 quum
768 5101 954 5164 Burchardus
984 5113 1108 5182 quatuor
1138 5113 1249 5163 tantum
1281 5105 1381 5164 leucas
1423 5101 1483 5163 Sed
1504 5103 1554 5162 III
1574 5103 1648 5180 Reg.
1670 5103 1761 5163 XIX.
1786 5110 1822 5166 16
1851 5107 1958 5165 mentio
1987 5106 2019 5164 fit
2038 5105 2116 5165 Abel
2137 5105 2239 5165 Mehe-

566 5212 707 5274 numeret‚
728 5203 819 5262 nihilo
841 5213 939 5262 tamen
961 5204 1056 5262 secius
1074 5201 1211 5262 distentia
1225 5204 1293 5281 pugi
1306 5201 1382 5262 Kelr
1423 5201 1483 5274 lac,
1512 5221 1600 5280 quam
1621 5202 1834 5276 Abelmehula‚
1859 5203 2037 5264 Abelmeula
2063 5205 2150 5263 aliter
2169 5205 2240 5263 seri-

566 5301 689 5374 Kenne‚
710 5321 797 5380 quam
819 5301 997 5360 habitatores
1019 5302 1074 5380 ipsi
1097 5301 1245 5380 antiquam
1268 5299 1381 5360 Ocnum
1423 5299 1504 5360 bunt.
1548 5297 1646 5374 Quum
1668 5301 1769 5378 igitur,
1801 5322 1876 5382 quac
1897 5302 1973 5362 Abel
1995 5303 2131 5362 Mehclae
2160 5303 2239 5362 facta

566 5421 632 5461 esse
652 5399 782 5473 tradunt,
809 5421 897 5480 quum
927 5407 942 5460 7
966 5399 1053 5459 horus
1079 5401 1127 5460 50⁴
1150 5401 1270 5458 Accone
1297 5398 1382 5472 absit,
1424 5409 1507 5469 sunt,
1540 5398 1577 5458 de
1605 5398 1709 5459 eadem
1738 5401 1824 5473 villa,
1855 5422 1931 5480 qliae
1957 5401 2092 5461 Iudithce
2119 5401 2189 5464 VII.
2219 5407 2238 5464 3

567 5500 653 5560 etiam
678 5499 773 5558 minus
803 5500 833 5558 iu
861 5519 1013 5559 numerum
1035 5497 1080 5559 IV
1108 5499 1255 5559 leucarum
1277 5519 1381 5558 conve·
1423 5507 1613 5571 memoratur,
1633 5497 1712 5557 dieta
1732 5501 1802 5559 velit
1823 5501 1959 5580 scriptor:
1982 5510 2063 5580 patet
2083 5521 2150 5560 eum
2171 5501 2237 5560 Bel·

566 5600 628 5660 nire
651 5607 781 5677 apparet.
1423 5616 1502 5655 mam
1532 5617 1597 5656 cnm
1615 5598 1812 5659 Ahelmebola
1831 5617 1925 5661 errore
1948 5599 2136 5660 confundere.
2178 5597 2238 5660 Sed

630 5699 701 5769 272)
723 5697 866 5771 Iosephus
887 5697 1020 5770 appellat
1038 5695 1213 5772 Caruselion]
1235 5694 1381 5774 Iosephus
1423 5697 1577 5774 quaeritur,
1599 5704 1693 5756 utrum
1715 5699 1847 5758 Belmam
1868 5697 1981 5771 adierit,
2002 5720 2041 5758 an
2062 5698 2239 5758 Abelmeho·

568 5792 636 5876 ὅρος
671 5794 787 5875 quidem
818 5789 985 5872 Καρμήλιον
1018 5803 1239 5869 commemorat,
1273 5793 1380 5853 vallem
1422 5793 1489 5866 lam,
1511 5815 1549 5853 an
1571 5797 1728 5856 neutram?
1747 5797 1851 5856 Belma
1871 5808 1915 5856 est
1929 5817 2031 5856 recens
2044 5797 2238 5858 KhirhetBe·

568 5919 626 5958 non
655 5902 868 5955 commemorat.
893 5925 932 5935 -
962 5893 1108 5954 Planicies
1135 5903 1178 5953 εει
1200 5895 1380 5955 εΙ-Βειιιιιιιῖ
1422 5892 1526 5964 lamet,
1545 5893 1638 5954 Beled
1660 5895 1784 5956 Scheich
1798 5895 1928 5967 hlausdr,
1948 5915 2024 5975 quse
2046 5897 2239 5956 aDecbcuin
