5284 7042
1222 707 1261 766 '15

406 903 504 968 super
525 889 700 948 torrentem
721 879 849 950 Cedron
872 881 1037 964 similiter,
1065 881 1173 948 sedin
1194 883 1277 948 atrio
1297 881 1419 970 templi.
1462 881 1537 948 Hoc
1565 894 1672 948 temen
1694 885 1791 963 seito,
1821 881 1908 970 qnod
1929 881 1989 948 bec
2009 905 2074 948 non

405 1009 475 1062 erat
495 1009 590 1084 porta
611 997 772 1080 ciuitatis,
802 997 859 1064 sed
881 995 1002 1086 templi.
1045 997 1109 1064 Per
1137 1019 1208 1062 eam
1238 997 1398 1084 siquidem
1419 1010 1489 1065 erat
1510 997 1627 1064 triade
1648 1011 1755 1062 monte
1775 997 1887 1064 olineti
1908 1021 1967 1086 per
1988 1020 2073 1064 com·

406 1111 556 1198 pendium
585 1111 748 1198 quoddam
779 1111 863 1180 ultra
892 1113 1007 1180 uellem
1028 1111 1184 1201 loaapbnt
1205 1135 1264 1200 per
1286 1113 1480 1180 testudinem
1501 1113 1674 1202 quandam.
1716 1113 1761 1178 lit
1779 1115 1867 1180 intra
1886 1115 1982 1180 istem
2004 1127 2075 1178 eret

402 1239 494 1308 porta
528 1233 646 1310 tempti,
678 1251 741 1316 que
767 1227 935 1296 dicebatur
961 1229 1202 1310 spectamen).
1245 1227 1298 1294 De
1324 1228 1387 1296 bac
1407 1241 1478 1296 erat
1500 1230 1555 1294 uia
1575 1231 1609 1294 in
1628 1227 1820 1294 Bethaniam
1843 1241 1874 1294 et
1894 1227 2022 1294 Iericho
2043 1239 2074 1294 et

404 1341 587 1410 Iordanem.

530 1460 657 1524 Octaua
678 1469 773 1547 porta
795 1459 855 1526 fuit
877 1483 896 1524 a
915 1459 1082 1548 superiore
1102 1457 1249 1524 similiter
1269 1458 1439 1542 australia,
1471 1482 1569 1547 snper
1589 1470 1765 1525 torrentem
1786 1457 1915 1526 Cedron
1935 1461 1969 1524 in
1990 1459 2075 1524 ualle

404 1573 485 1656 rita,
514 1574 597 1640 inter
626 1585 764 1642 montom
786 1577 865 1641 Sion
895 1589 926 1640 et
957 1585 1096 1641 montem
1126 1573 1247 1662 templi.
1289 1575 1333 1640 Et
1360 1573 1529 1640 dicebatur
1556 1587 1650 1656 porto
1668 1579 1765 1650 sontis
1785 1579 1866 1636 Sitne
1892 1576 1963 1640 eine
1980 1589 2073 1655 porte

404 1691 629 1772 aquarnmffl),
653 1693 728 1778 quie
751 1691 890 1757 ducebat
910 1689 953 1756 ad
974 1691 1095 1756 fontem
1116 1703 1147 1756 et
1169 1693 1365 1756 natatoriam
1385 1691 1473 1756 Siloe
1495 1703 1528 1755 et
1548 1689 1664 1756 uallem
1683 1689 1894 1766 (telenense,
1913 1703 1945 1755 et
1958 1689 2073 1756 Achel-

403 1803 539 1870 demach
559 1817 591 1868 et
612 1805 653 1870 ad
678 1820 783 1872 ortum
806 1808 902 1893 regia.
946 1807 1019 1892 Ego
1041 1807 1153 1894 pociue
1175 1805 1273 1872 credo
1295 1807 1379 1872 banc
1398 1807 1499 1872 fnisse
1527 1817 1657 1894 portam
1678 1805 1872 1895 sterquilinii
1899 1805 2074 1870 eecundum

404 1921 501 1986 situm
523 1919 676 2003 locorum,
700 1943 797 2010 qnam
817 1921 913 1988 uliam
936 1922 1164 2008 supradictam.
1198 1921 1263 1988 b'ec
1286 1921 1394 2004 credo,
1415 1921 1502 2008 quod
1521 1922 1630 2010 plnres
1652 1936 1745 2010 porte
1754 1931 1779 2000 ‘)
1800 1925 1919 1988 inerint
1939 1923 1973 1985 in
1986 1920 2074 1986 leru-

404 2033 521 2118 salem,
550 2036 627 2122 quia
657 2039 833 2104 secundnm
863 2039 1004 2104 ciuitatis
1031 2038 1127 2102 situm
1155 2059 1219 2102 non
1245 2050 1338 2102 erant
1358 2039 1540 2104 necessarie
1561 2061 1620 2126 per
1641 2051 1743 2104 totum
1765 2041 1934 2104 circuitum
1956 2039 2074 2101 montis

404 2151 490 2214 Sion.
531 2151 574 2216 Et
597 2154 624 2216 ai
647 2165 741 2240 portu
763 2167 833 2218 erat
855 2153 1054 2236 necessarie,
1081 2165 1190 2218 temen
1212 2151 1299 2218 nullo
1320 2152 1415 2220 modo
1436 2177 1507 2218 esse
1528 2167 1657 2240 poterat
1677 2153 1724 2218 ibi
1732 2159 1758 2229 ὁ)
1771 2155 1844 2236 ³³⁰),
1867 2155 1944 2242 quia
1965 2151 2073 2240 dispo·

404 2267 477 2330 sitio
498 2267 559 2332 loci
579 2267 787 2354 impediebat,
810 2271 864 2357 qni
889 2268 1029 2356 undiquc
1050 2276 1225 2356 promptae
1247 2279 1327 2334 erat

526 2381 722 2460 blontce⁵³¹)
744 2395 850 2450 autern
872 2387 959 2450 circe
981 2381 1157 2450 Ierusalem
1177 2395 1270 2448 erent
1289 2385 1352 2447 isti
2091 2398 2108 2448 t

526 2497 578 2562 Ab
599 2499 746 2564 orientali
768 2511 861 2587 perte
883 2501 1023 2565 ciuitatis
1043 2512 1114 2564 erat
1136 2523 1216 2562 reem
1236 2499 1422 2581 olineti⁵³²),
1450 2521 1550 2586 snpra
1567 2497 1668 2580 illem,
1689 2501 1793 2564 maior
1816 2512 1849 2564 et
1869 2499 1970 2564 alcior
1991 2513 2073 2562 cete

403 2615 450 2680 ria
477 2612 657 2694 montibus,
685 2617 739 2700 qui
767 2629 859 2682 erent
887 2617 975 2682 eirca
1002 2613 1098 2680 illem
1141 2615 1214 2692 ln0)
1241 2615 1310 2680 eius
1333 2617 1517 2680 anmmitate
1538 2613 1689 2678 edificata
1709 2628 1758 2679 est
1780 2614 1918 2680 eeclesia
1938 2616 1972 2678 in
1993 2615 2074 2692 loco,

405 2729 460 2794 ubi
474 2729 635 2795 Dominue
658 2729 805 2796 accendit
825 2733 857 2798 in
880 2731 993 2798 celum.
1028 2731 1066 2796 ln
1089 2733 1180 2796 cuiue
1199 2729 1305 2796 medio
1327 2739 1377 2795 eat
1398 2729 1486 2796 locus
1508 2729 1629 2794 ibidem
1642 2742 1675 2794 et
1686 2729 1826 2818 desuper
1841 2743 1996 2818 apertura
2009 2732 2074 2807 ³³³„

405 2858 440 2910 ut
472 2857 581 2932 pateat
608 2843 697 2910 locus
719 2848 820 2912 eciam
842 2849 875 2912 in
897 2855 990 2928 ebrie,
1018 2868 1191 2934 perquem
1213 2846 1368 2913 ascendit.
1414 2845 1533 2910 Uerum
1554 2855 1616 2927 cat,
1647 2846 1734 2934 quod
1753 2845 1838 2933 lapis
1858 2845 1930 2925 ille,
1956 2849 1990 2912 in
2010 2867 2074 2932 quo

405 2961 571 3038 stetit⁵³⁴)‚
593 2960 721 3048 qnando
743 2963 899 3044 escendit,
922 2973 954 3028 et
977 2963 1030 3050 qui
1054 2965 1191 3048 uestigia
1212 2963 1281 3028 eine
1303 2963 1463 3050 imprcaae
1485 2961 1624 3042 tenebat,
1646 2963 1771 3048 positus
1791 2962 1852 3026 fuit
1872 2961 1994 3026 ibidem
2010 2983 2073 3024 me

406 3079 587 3154 moriam).
629 3077 730 3164 Lapis
754 3101 829 3144 uero
851 3078 904 3143 ille
927 3081 1049 3166 poeitae
1072 3091 1120 3144 cst
1143 3081 1175 3144 in
1197 3079 1452 3146 obstructioneru
1472 3080 1547 3142 oetii
1567 3077 1733 3142 orientalia
1756 3079 1825 3140 eine
1846 3077 1945 3156 calce,
1967 3092 2074 3142 temen

406 3205 438 3258 et
466 3203 573 3278 potent
601 3191 680 3256 bene
708 3193 822 3280 aliquis
850 3197 1010 3260 inmittere
1042 3217 1172 3260 menum
1194 3209 1226 3260 et
1247 3207 1382 3280 tangere
1403 3196 1557 3280 uestigia,
1589 3194 1646 3258 eed
1668 3215 1732 3256 non
1754 3193 1873 3257 uidere.
1915 3192 1953 3257 ln
1974 3190 2075 3256 latere

406 3305 500 3374 buius
521 3306 655 3372 ecclesie
679 3309 812 3374 adheret
832 3310 958 3398 capelle
979 3309 1117 3398 quedam
1139 3310 1181 3376 ad
1203 3323 1363 3393 uuatrurn,
1384 3313 1504 3397 inqua
1525 3309 1710 3396 spelunca‘)
1732 3307 1893 3396 sepultet)
1914 3323 1962 3372 est
1984 3307 2074 3372 Pela·

405 3425 574 3508 gis⁵)·‘·³⁶),
597 3423 758 3509 quondam
780 3427 904 3492 famosa
926 3427 1094 3508 meretrix,
1117 3447 1212 3512 quarn
1234 3427 1396 3492 Dominus
1417 3437 1531 3514 postca
1551 3429 1697 3510 greciam
1718 3425 1899 3512 penitencie
1917 3429 1948 3489 ci
1970 3427 2075 3488 cont'e

406 3537 507 3604 rendo
532 3535 661 3625 reliquit
682 3541 906 3626 peccatoribua
929 3543 961 3606 in
984 3540 1176 3628 exemplum.
1219 3541 1368 3626 Dicitur,
1395 3540 1481 3630 quod
1501 3543 1535 3606 in
1555 3553 1690 3628 peccato
1712 3539 1841 3604 mortali
1864 3542 2007 3604 existens
2028 3543 2074 3604 in·

407 3669 454 3718 ter
483 3653 627 3718 turnbum
659 3657 726 3721 eina
756 3667 788 3720 et
815 3679 941 3722 murum
971 3658 1154 3744 proximum
1186 3679 1251 3724 non
1272 3669 1379 3746 potest
1399 3657 1540 3724 transire
1546 3705 1556 3738 ,
1588 3654 1646 3720 aed
1668 3659 1777 3720 nescio
1800 3657 1986 3735 ueritatem3
2014 3677 2076 3741 ego

406 3769 473 3834 uidi
495 3767 611 3834 multos
632 3773 780 3840 treneire.

529 3885 567 3950 ln
592 3887 705 3952 eodem
726 3901 832 3952 monte
854 3899 966 3954 contre
988 3899 1132 3954 austrum
1154 3890 1274 3964 minus,
1301 3911 1397 3974 quarn
1419 3888 1524 3952 iactus
1546 3889 1588 3950 eit
1609 3885 1747 3972 lepidio,
1768 3901 1818 3950 eet
1840 3885 1906 3952 alie
1928 3887 2075 3966 ecclesia,

404 4023 467 4090 qne
490 4007 592 4064 demas
609 4005 771 4082 penir⁵³³)
794 4003 921 4086 dicitur,
944 4003 999 4068 ubi
1022 4003 1180 4069 Dominus
1203 4001 1381 4090 discipnloa
1402 4002 1511 4068 docuit
1533 4024 1643 4082 orare,
1666 4015 1698 4066 et
1719 4001 1924 4068 Dominicam
1947 4007 2075 4068 (iratio-

404 4139 477 4182 nem
500 4119 532 4184 in
556 4116 666 4204 lupide
688 4119 733 4184 ibi
755 4121 895 4206 scripsit

530 4239 619 4296 Mem
640 4237 879 4314 effrenionie³³⁸J
906 4247 1019 4300 contre
1040 4245 1185 4300 nustrum
1206 4233 1252 4299 illi
1274 4233 1419 4314 adiacet,
1441 4245 1660 4320 competenter
1680 4233 1781 4312 altus,
1802 4233 1860 4298 sed
1880 4255 1938 4320 per
1959 4233 2075 4298 uallem

472 4433 501 4496 a)
517 4449 619 4500 rperun
638 4430 678 4488 st.
696 4435 820 4502 cruciere
839 4433 865 4488 b.
886 4461 917 4472 -
938 4431 966 4504 b)
985 4431 1099 4484 lelrerreo
1119 4433 1151 4486 St
1165 4431 1190 4486 b.
1221 4465 1240 4474 -
1267 4439 1293 4497 c)
1307 4441 1404 4504 portes
1420 4435 1462 4486 st.
1478 4439 1562 4502 porte
1579 4429 1605 4484 b.
1622 4459 1654 4470 -
1676 4429 1707 4497 dp
1724 4431 1765 4483 t'br'
1779 4449 1834 4488 om.
1852 4431 1886 4486 St
1898 4431 1924 4484 b.
1945 4461 1974 4472 -
1995 4446 2021 4500 ej
2042 4437 2076 4486 tt

541 4513 581 4570 St
618 4515 649 4568 Ie
673 4515 747 4572 editt
775 4549 804 4558 -
829 4517 855 4586 f,
874 4515 1004 4588 rpelnnea
1022 4517 1063 4570 St.
1086 4531 1138 4568 cm.
1160 4515 1185 4570 b.
1214 4547 1245 4556 --
1269 4521 1299 4588 g)
1317 4517 1424 4587 reperite
1447 4533 1501 4568 om
1519 4519 1557 4570 st.
1584 4513 1668 4568 babet
1685 4511 1711 4566 b.
1736 4543 1768 4554 ·—
1796 4515 1825 4572 bl
1844 4515 2019 4585 pehrqireprir
2036 4519 2076 4571 st.

542 4595 656 4668 Pelopia
675 4599 699 4654 b.
736 4599 864 4654 Fortasse
882 4597 1027 4670 legendum
1044 4605 1100 4652 est:
1118 4597 1235 4668 Pdnqr'a
1253 4601 1329 4668 apin,
1346 4601 1363 4656 i.
1382 4620 1406 4652 e.
1424 4609 1530 4652 uincta.
1563 4599 1606 4652 t‘t.
1626 4597 1762 4668 Ducanpe
1780 4615 1804 4651 r.
1821 4601 1910 4668 πρίω.

474 4789 545 4858 525)
563 4795 656 4862 porta
673 4789 773 4863 templi
788 4787 908 4864 quedic.
925 4787 1067 4864 specioso]
1089 4785 1222 4848 etl-Baba
1327 4795 1397 4858 534,
1420 4787 1500 4862 lupis
1523 4819 1561 4828 -
1581 4787 1670 4862 stetit}
1695 4783 1729 4848 Υ,
1748 4785 1861 4846 'l'obler
1875 4788 1930 4848 llic
1945 4787 2076 4868 Siloebq.

406 4881 443 4944 V.
466 4881 579 4942 Tobler
601 4881 679 4964 'l'ep
703 4905 729 4946 r.
750 4885 813 4945 der,
836 4886 859 4946 l.
885 4893 950 4956 159,
977 4893 1040 4956 tut.
1062 4895 1119 4946 500
1143 4909 1185 4966 sq.
1264 4907 1291 4968 p.
1319 4893 1486 4946 too-tte.

471 4987 541 5051 5²9¹
561 4993 653 5058 lw'l‘l
677 4985 776 5056 simiis
798 4986 877 5042 slim
905 4987 968 5044 'lu‘
990 4987 1146 5063 “lumml
1174 4987 1220 5044 Cf·
1325 5015 1396 5070 535,
1420 5009 1566 5082 retentoria}
1591 5020 1728 5086 tauquam
1749 5027 1795 5066 τοι
1816 5005 2021 5068 memorabilia.

405 5099 483 5160 net·
504 5081 768 5194 mecedem&
792 5082 876 5144 Vffl·
904 5091 912 5144 ¹
939 5096 1010 5143 Μ’·
1029 5089 1097 5196 492·
1179 5183 1186 5198 ,
1326 5141 1385 5194 eae
1420 5133 1554 5208 receptat
1576 5131 1613 5190 v.
1634 5127 1958 5211 '1·0e1011›n·sn⁰m,.
1975 5152 2003 5211 p.
2024 5139 2078 5194 ιω

468 5185 537 5250 teo,
561 5180 609 5256 tlt]
638 5181 814 5292 l'artrenlarn
844 5181 919 5242 banc
947 5203 963 5242 e
991 5197 1156 5242 contectura
1177 5203 1219 5242 tn·
1265 5237 1374 5292 ..¹32

405 5277 560 5338 serendmn
583 5279 726 5340 duximus.

468 5381 539 5438 531,
565 5379 691 5452 Mum]
726 5381 803 5438 Aug„
837 5379 912 5440 hm,
949 5381 1106 5440 ,emonem
1132 5381 1221 5440 ,pm
1324 5359 1395 5422 531„
1417 5355 1518 5410 dotrina
1537 5353 1639 5430 pernis!
1662 5351 1894 5419 Nuneeeclmis,
1915 5373 1991 5432 quae
2010 5353 2078 5412 dici·

403 5485 494 5534 ,oum
517 5477 615 5534 jumi,
637 5475 726 5534 „disto
747 5491 859 5538 ,em
1263 5466 1316 5522 tur,
1333 5453 1421 5512 l'ater
1435 5451 1551 5512 Noster.
1581 5451 1616 5511 V.
1628 5449 1742 5508 'l'obler
1756 5449 1812 5509 trie
1829 5449 1958 5532 biloaqu.
1973 5472 2001 5532 p.
2020 5459 2078 5514 ctu

467 5577 539 5646 5³2,
569 5595 649 5632 rernm
675 5577 784 5652 olinetr']
816 5577 862 5636 lle
895 5599 953 5657 quo
981 5579 1072 5638 l'uaiua
1101 5581 1221 5658 exponit
1264 5555 1365 5612 “²¹3
1386 5565 1416 5610 ⁰¹
1438 5551 1578 5630 lml'flml*
1601 5571 1628 5630 Ρ·
1653 5555 1721 5610 ²⁴²·

404 5667 493 5732 Titus
517 5670 631 5732 'l'obler
659 5677 687 5734 in
710 5673 783 5734 libro
810 5695 914 5734 aureo:
941 5677 998 5736 nie
1020 5675 1220 5758 Silosbquelle
1327 5681 1395 5739 535,
1427 5695 1507 5730 none
1535 5671 1716 5748 effossionis}
1750 5669 1837 5730 lluuc
1866 5685 1995 5733 montem
2022 5673 2078 5730 ltn-

404 5791 432 5830 n.
454 5769 507 5831 der
528 5770 666 5850 Oelberg.
709 5775 751 5834 St
773 5773 881 5832 Gallen
907 5779 991 5836 tisb'l.
1264 5775 1387 5832 bineono
1416 5787 1490 5832 nete
1518 5773 1627 5850 primus
1655 5781 1862 5828 commemorat
1884 5771 2078 5830 Burcbardus.

465 5875 535 5930 533.
565 5881 590 5928 rt
616 5875 744 5948 desuper
774 5873 930 5949 apertura}
962 5873 995 5932 Υ,
1027 5871 1141 5932 'l'obler
1163 5873 1219 5934 llie
1264 5871 1298 5932 Υ.
1322 5871 1474 5930 Robinson
1496 5869 1558 5928 Pal.
1581 5867 1620 5926 ll.
1644 5871 1682 5930 42
1704 5883 1761 5928 not.
1780 5877 1813 5937 1.,
1837 5868 2077 5928 'l'oblerlliem'i-

406 5967 605 6050 Silnsbqnelle
627 5991 654 6049 p.
677 5979 724 6032 bit.
1263 5969 1357 6050 letabq.
1382 5992 1410 6050 p.
1430 5973 1545 6029 iim-St

1825 6081 1871 6130 to·
