5284 7042
1221 726 1280 791 119

416 906 577 979 Sotw’),
596 926 636 967 ex
657 900 775 991 quihus
799 900 929 969 duobus
953 904 1157 992 componitur
1177 908 1351 969 remotos.
1393 906 1523 971 Dicitur
1543 906 1645 969 eciam
1667 908 1776 967 Solimo
1790 906 1830 981 ⁸⁰)
1858 916 1889 967 et
1913 908 2118 965 lerosotr'nrot

414 1030 446 1081 et
470 1020 602 1092 hunss,
626 1030 658 1083 et
680 1022 790 1081 Bethel.
831 1018 885 1083 Ad
904 1018 1067 1100 stomun,
1097 1018 1187 1083 dicta
1210 1034 1259 1083 est
1280 1026 1357 1100 Etya
1370 1022 1410 1093 ⁴²)
1437 1020 1479 1085 ab
1503 1018 1610 1107 Helyo
1632 1018 1862 1101 Questore⁴³),
1889 1019 2117 1105 imperatoret

416 1131 572 1208 Romano,
593 1136 648 1221 qui
671 1155 753 1215 eam,
774 1132 831 1197 vbi
854 1132 948 1198 modo
969 1146 1028 1215 eat,
1051 1148 1125 1222 post
1145 1134 1394 1201 destructionem
1417 1158 1437 1199 u
1459 1136 1545 1223 'l'yto
1564 1148 1596 1200 et
1617 1136 1820 1222 Vespasiano
1841 1134 1960 1199 iactam
1982 1132 2084 1199 reedi-

415 1250 532 1313 firauit
575 1248 685 1313 liabet
705 1262 813 1313 autem
835 1265 976 1315 montem
994 1252 1075 1329 Syos
1096 1274 1117 1315 a
1136 1250 1270 1315 meridie
1293 1252 1379 1317 infra
1399 1252 1574 1331 ciuitatem,
1596 1253 1627 1315 in
1649 1272 1712 1338 quo
1727 1248 1836 1315 Dauid
1859 1250 1892 1313 in
1907 1272 1981 1315 arce
1996 1252 2119 1337 Syene

414 1364 560 1451 expulsis
581 1364 728 1429 lehuzeis
750 1364 919 1436 habitauit,
941 1378 973 1429 et
994 1388 1066 1431 eam
1088 1368 1252 1431 ciuitatem
1268 1366 1409 1433 Dauidis
1432 1369 1570 1433 vocauit.
1612 1372 1740 1429 Μοιιιιιιι
1763 1388 1840 1431 vero
1860 1368 1969 1429 Otioeti
1988 1364 2119 1431 habeta

415 1480 458 1545 ah
479 1482 602 1545 oriente
625 1490 721 1545 extra
742 1480 914 1545 ciuitatem,

540 1610 621 1699 Cap.
644 1612 718 1677 XV.
761 1618 850 1675 itlons
872 1622 980 1675 autem
997 1614 1139 1675 carueris
1152 1616 1199 1689 ⁸⁴„
1219 1616 1252 1678 in
1275 1638 1338 1701 quo
1360 1614 1535 1679 crucifixus
1551 1626 1620 1679 erat
1634 1614 1805 1692 Dominus,
1829 1612 1883 1676 rbi
1900 1616 2031 1699 sanguis
2046 1617 2085 1676 ⁸³³,
2107 1626 2115 1677 t

416 1725 457 1791 de
479 1726 579 1791 latore
600 1730 668 1794 eius
690 1728 792 1793 fluens
814 1729 848 1793 in
870 1726 1012 1814 lapidem
1034 1728 1094 1793 sub
1117 1742 1235 1811 monte,
1257 1732 1291 1795 in
1314 1744 1406 1817 parte
1428 1730 1493 1811 illa,
1517 1752 1578 1817 que
1596 1732 1724 1809 Goryaia
1748 1728 1877 1809 dicitur,
1901 1728 1955 1794 vbi
1979 1732 2085 1795 inuen-

415 1855 485 1907 tum
507 1860 554 1907 est
577 1858 675 1931 caput
695 1842 830 1923 Adon),
851 1855 882 1907 et
905 1842 1068 1929 sepulchri
1089 1842 1222 1909 Domini
1243 1844 1344 1928 locus,
1366 1844 1412 1910 illi
1435 1844 1506 1911 loeo
1530 1844 1590 1911 suh
1612 1856 1720 1909 monte
1735 1842 1885 1909 Caluarie
1908 1846 2085 1931 proximus,

417 1980 518 2045 esque
545 1958 586 2023 sd
613 1974 760 2046 tempora
787 1958 924 2043 predicti
947 1958 1034 2023 Helii
1063 1960 1270 2047 imperatoris
1297 1973 1389 2027 erant
1420 1972 1515 2025 extra
1536 1960 1668 2041 vrbem,
1700 1958 1756 2023 sod
1781 1958 1875 2023 modo
1898 1974 1970 2025 sunt
1992 1962 2085 2035 intra,

417 2076 493 2159 quin
514 2076 583 2161 ipse
605 2076 782 2161 imperator
803 2098 873 2139 eam
895 2073 1086 2139 reedificans
1108 2072 1190 2139 adeo
1212 2076 1391 2163 ampliauit,
1413 2076 1551 2161 quod⁸⁷)
1567 2076 1713 2163 predicto
1733 2074 1803 2139 lora
1821 2076 1907 2139 intra
1924 2098 2086 2141 murorum

416 2190 556 2255 ambitus
578 2189 717 2268 inclusit,
741 2189 856 2255 ductus
876 2212 1034 2278 aquarum
1056 2201 1260 2268 construens,
1290 2191 1409 2279 quibus
1430 2204 1573 2279 tempore
1599 2190 1730 2277 pluuiali
1754 2214 1773 2253 n
1795 2188 1946 2255 sordibus
1968 2214 2086 2277 purga·

417 2320 512 2369 retur.
557 2306 593 2371 ln
616 2306 685 2371 loco
705 2304 871 2371 Dominici
892 2304 1062 2392 Sepulchri
1083 2322 1195 2393 postea
1212 2306 1389 2373 Christiani
1406 2306 1530 2371 decerni
1553 2318 1692 2371 scemate
1705 2310 1744 2381 ⁸⁸)
1767 2322 1796 2369 et
1813 2308 1915 2371 l'orrna
1936 2306 2084 2387 rotunda,
2105 2328 2120 2377 n

417 2442 480 2485 vno
502 2436 610 2487 tamen
631 2424 789 2487 foramine
803 2426 841 2498 ⁸⁹)
864 2422 1012 2509 superius
1034 2437 1157 2509 aperto,
1179 2420 1348 2489 ecclesiam
1361 2422 1534 2487 Dominice
1553 2422 1808 2487 Resurrectionis
1824 2421 1996 2505 gloriosam
2012 2446 2085 2489 con·

416 2551 615 2619 strrrxerunt,
636 2560 698 2627 que
719 2540 802 2603 inter
822 2538 903 2603 alias
925 2536 1079 2603 ecclesias
1102 2538 1216 2602 merito
1236 2547 1324 2603 tenet
1346 2540 1571 2625 principatum.
1613 2536 1649 2601 ln
1671 2560 1735 2623 (pua
1758 2536 1935 2625 dyaconus,
1957 2538 2119 2627 quandot

418 2652 450 2715 in
480 2652 705 2739 ewangeliou,
737 2654 815 2741 legit
843 2652 939 2719 illud:
970 2656 1145 2731 ῥιπτεῖ,
1174 2676 1232 2715 nim
1262 2668 1306 2715 eet
1328 2658 1416 2715 nich*
1446 2652 1547 2739 digito
1578 2676 1634 2717 suo
1657 2652 1856 2719 demonstrat
1880 2652 2085 2721 Dominietun

419 2768 617 2855 mutulorum.

541 2902 621 2989 Cap.
644 2902 734 2967 xt’l.
774 2902 879 2988 Prope
901 2915 1039 2965 montem
1059 2900 1211 2967 Cnlttarie
1230 2916 1279 2965 est
1302 2900 1390 2967 loeus
1403 2950 1411 2981 ,
1445 2900 1499 2965 vbi
1524 2900 1619 2965 beate
1642 2902 1734 2987 virgo
1757 2924 1829 2965 cum
1852 2902 1924 2965 aliis
1948 2901 2117 2967 mulieri-t

422 3014 481 3079 hus
502 3014 676 3103 plangebat
699 3017 874 3083 Dominum
895 3019 927 3081 in
951 3038 1045 3081 cruce
1068 3016 1270 3103 pendentem.
1313 3016 1363 3081 lhi
1387 3018 1477 3082 iuxta
1499 3029 1546 3081 est
1569 3016 1668 3099 loeus,
1689 3016 1743 3081 vbi
1766 3016 1883 3104 loseph
1906 3018 1948 3081 ah
1970 3020 2119 3084 Arma-t

419 3130 486 3195 thia
508 3144 539 3197 et
554 3132 759 3219 Nyeodemus
781 3157 899 3221 corpus
914 3130 1035 3199 Christi
1056 3131 1096 3196 de
1118 3154 1212 3197 crues·
1235 3132 1416 3219 dopositum
1439 3132 1595 3199 lauerunt
1627 3133 1664 3199 ln
1687 3132 1793 3197 medio
1813 3132 1902 3199 chori
1918 3146 1965 3199 est
1984 3134 2119 3215 locust

420 3250 474 3333 qui
497 3246 615 3313 dicitur
636 3248 775 3314 medium
797 3248 918 3313 mundi.
962 3248 1025 3311 vti
1048 3248 1196 3313 Christus
1218 3246 1356 3335 digitum
1377 3271 1468 3313 suurn
1492 3250 1653 3337 inposuit,
1675 3246 1799 3313 diceus:
1821 3254 1882 3311 Hic
1902 3266 1943 3309 est
1964 3256 2119 3313 medient

420 3367 527 3425 sandi.
571 3362 676 3451 Prope
701 3386 796 3451 quem
818 3381 865 3429 est
887 3364 987 3445 locus,
1010 3362 1064 3427 rbi
1086 3362 1253 3444 Christus,
1280 3388 1353 3429 cum
1375 3366 1570 3429 surrexisset
1590 3388 1609 3428 a
1632 3366 1782 3437 mortuis,
1808 3366 1960 3451 apparuit
1983 3366 2119 3451 primos

418 3476 521 3541 llario
541 3478 750 3562 hlagdalene,
780 3482 944 3545 estimanti
964 3502 1035 3543 eum
1057 3504 1128 3544 esse
1148 3480 1394 3554 orttdanumlh.
1439 3480 1501 3545 l'hi
1534 3494 1583 3543 est
1604 3478 1706 3543 altare
1727 3482 1845 3545 thctunr
1869 3480 1910 3544 oh
1934 3480 2120 3547 honoresue

416 3590 506 3657 illius
526 3598 757 3683 apparieioms,
780 3611 811 3659 ot
833 3611 882 3659 est
902 3611 977 3659 ante
998 3595 1111 3661 reliam
1135 3595 1307 3683 sepulchri.

543 3728 625 3814 Cap.
648 3728 753 3793 xvu.
795 3728 922 3793 Deinde
943 3728 1008 3793 itur
1027 3729 1071 3793 ad
1092 3726 1207 3809 locum,
1229 3728 1285 3793 vbi
1307 3742 1355 3791 est
1378 3728 1559 3815 columpna,
1582 3728 1623 3793 ad
1646 3750 1741 3815 quarn
1759 3728 1872 3793 lhesus
1894 3730 1953 3793 fuit
1968 3728 2085 3815 ligatus
2105 3740 2115 3790 t

418 3856 449 3905 et
485 3842 674 3926 flagellatus.
724 3844 765 3909 Et
793 3859 841 3907 est
868 3843 928 3909 suh
956 3842 1096 3931 quodam
1124 3844 1229 3909 altari.
1278 3844 1407 3909 Deinde
1438 3846 1501 3907 itur
1530 3842 1571 3907 ad
1601 3856 1743 3929 portam,
1779 3868 1836 3931 por
1863 3868 1958 3931 quam
1980 3844 2118 3911 llariut

418 3956 661 4045 Egypeiacsv,
692 3982 756 4023 usin
784 3973 910 4045 poterat
937 3958 1082 4044 ingredi,
1112 3962 1227 4025 ceteris
1250 3960 1446 4025 Christianis
1476 3958 1725 4039 introeuntibus,
1758 3960 1859 4025 donee
1881 3962 2030 4047 promisit
2051 3984 2085 4025 se

420 4088 564 4139 acturam
581 4077 805 4161 penitenciam.
842 4074 904 4139 Vbi
920 4074 1044 4139 audiuit
1058 4098 1169 4140 vocem
1185 4074 1345 4139 dicentem
1367 4074 1444 4139 sibi:
1468 4080 1519 4149 „Si
1541 4080 1699 4137 Iordanem
1714 4081 1881 4149 transieris,
1898 4082 1984 4137 sotim
2000 4082 2085 4139 erlif·
2105 4092 2119 4137 a

479 4299 531 4353 33·
552 4296 569 4353 i.
592 4316 617 4355 e.
640 4314 708 4373 pax,
725 4294 808 4353 hebr.
829 4293 890 4369 nhc,
1274 4295 1325 4361 sti,
1354 4294 1405 4353 der
1431 4294 1477 4352 sstr
1506 4314 1560 4351 vns
1582 4292 1654 4361 ulle,
1680 4292 1757 4353 nahe
1786 4294 1831 4351 ror
1851 4296 2011 4366 Jerusalem,
2039 4298 2085 4355 die

480 4400 529 4454 to.
553 4396 561 4453 i
593 4414 617 4451 e.
642 4394 748 4451 Salem.
1274 4412 1329 4449 eor
1357 4394 1450 4451 alters
1480 4394 1555 4449 orech
1587 4393 1669 4449 ῥϋτα
1694 4394 1763 4449 oder
1794 4393 1892 4449 Lr'r'zen
1921 4392 2085 4467 geheissen,

483 4500 513 4553 tl
553 4490 676 4551 (fenster
697 4494 772 4551 inter
793 4512 905 4561 omues,
924 4492 1044 4557 Lucam,
1064 4512 1140 4571 quae
1155 4514 1231 4553 nuuc
1273 4490 1431 4567 gestorheu
1453 4492 1497 4559 ist,
1517 4490 1618 4549 allhier
1640 4488 1697 4569 bey
1719 4490 1832 4549 Ltttaeu
1854 4492 2018 4565 uestorhen.

416 4606 461 4651 est
483 4594 597 4661 uetito,
632 4604 734 4670 postes
755 4592 859 4649 [tethel
886 4587 994 4647 dictam
1021 4611 1099 4656 esse,
1128 4590 1230 4650 lliero·
1337 4596 1375 4651 tn
1410 4591 1487 4671 1¹}le
1513 4602 1557 4649 eat
1581 4588 1667 4649 Aelia
1694 4588 1875 4667 Capitolina,
1903 4612 1990 4671 quam
2019 4612 2086 4651 con·

416 4692 560 4771 solymam
590 4704 701 4753 autem.
738 4710 813 4769 quse
849 4702 878 4748 et
913 4690 978 4767 ipsa
998 4710 1051 4747 suo
1078 4690 1140 4749 iure
1170 4692 1229 4749 tro·
1273 4688 1346 4749 didit
1370 4690 1406 4749 ¹1⁸.
1429 4690 1531 4749 Aelius
1551 4688 1719 4747 llsdn'nnus
1742 4689 1815 4767 lmp.

417 4812 489 4847 niueo
514 4792 570 4847 Ilei
596 4801 625 4848 et
646 4788 724 4847 dieta
757 4804 784 4846 et
805 4786 931 4847 dicenda
951 4802 1011 4857 est,
1041 4790 1130 4847 etiam
1151 4810 1230 4849 anno
1336 4794 1384 4852 13,
1405 4788 1484 4863 Quid
1508 4788 1562 4847 hoc
1584 4788 1638 4847 sihi
1662 4788 1741 4856 volit,
1763 4790 1871 4849 nescio.

416 4912 443 4969 p.
468 4888 536 4947 Chr.
567 4910 594 4947 ιι.
621 4894 697 4949 11133
728 4910 794 4947 cunr
821 4886 872 4947 illa
902 4886 986 4945 Loca
1016 4886 1229 4947 .llehraeomm
1336 4894 1384 4950 11,Ι
1406 4886 1471 4945 Vid.
1498 4890 1529 4945 Τ.
1558 4888 1661 4945 Taeter
1684 4884 1833 4960 (hilgotha
1859 4892 1943 4949 1351.
1979 4886 2084 4947 llobio-

417 4988 478 5047 Lus
511 4986 649 5046 contundi
670 4986 755 5045 docet
778 4984 893 5045 libellus
914 4988 1082 5065 itrscriptus:
1110 4986 1227 5047 tranet·
1270 5006 1323 5043 son
1348 4986 1464 5045 Neuere
1486 4986 1605 5047 l‘orsch.
1627 5008 1653 5065 p.
1678 4992 1847 5047 322-311.

416 5086 469 5145 bar
488 5084 758 5145 tatoGeductonis
781 5084 840 5143 rud
867 5084 1033 5143 christliche
1057 5084 1227 5143 loidi-lhe-
1334 5090 1371 5145 15
1406 5084 1648 5163 Supplendunrne
1671 5088 1734 5142 est!

416 5184 493 5259 dig«.
528 5184 586 5243 den
613 5194 641 5243 o.
670 5184 746 5242 Noe.
777 5190 852 5243 11133
881 5204 918 5241 au
947 5182 1060 5241 tritten
1089 5184 1144 5262 hey
1176 5182 1228 5243 der
1334 5190 1372 5243 to
1410 5182 1443 5241 V.
1467 5182 1579 5242 'l'ohler
1600 5182 1749 5255 (iolgotha
1771 5202 1799 5261 p.
1819 5186 1886 5243 25⁴.

417 5282 576 5343 li'ahlstatt
597 5284 668 5341 rhet
688 5284 812 5340 (tustani
835 5280 963 5361 sdotphi
984 5282 1143 5341 ttidtliehen
1166 5284 1227 5341 Ah·
1335 5288 1371 5341 17
1408 5284 1485 5359 qood
1506 5314 1543 5323 -
1566 5282 1692 5337 inclusit·
1716 5296 1746 5339 ut
1769 5314 1807 5323 -
1830 5278 1997 5341 includeret.

415 5403 495 5457 parre
517 5380 654 5456 gelralten
675 5402 732 5437 von
756 5382 880 5439 l'nnllns
903 5382 1126 5441 suot-nomnen.
1172 5382 1229 5441 l'hi
1334 5386 1381 5441 lS'
1405 5380 1535 5453 sustituit]
1559 5380 1716 5437 schemate.

417 5504 446 5561 p.
468 5486 507 5541 ’211
530 5481 648 5551 legitur:
675 5480 716 5539 lst
742 5478 855 5537 daraufl
881 5479 1041 5537 “iussurus
1063 5480 1217 5559 adolphus
1337 5488 1387 5541 tot
1411 5476 1475 5537 vit,
1501 5476 1593 5535 liitter
1615 5476 1699 5536 ΧΠ.
1723 5483 1791 5539 tta.

418 5582 445 5639 in
467 5578 520 5637 der
541 5579 653 5637 andern
677 5577 790 5635 stende
819 5578 917 5637 dieses
940 5578 1070 5653 hlutigeu
1093 5578 1230 5637 'l'refleus
1336 5586 1371 5635 lut
1409 5574 1499 5633 llsrri
1523 5574 1607 5635 ⁴X'l'l.
1630 5584 1656 5645 o,
1679 5574 1780 5637 llatth.
1803 5576 1953 5637 XXVlll.
1975 5586 2002 5635 tt,

415 5680 460 5737 als
487 5681 535 5737 eiu
557 5677 635 5737 llehl
666 5678 767 5733 mitten
801 5692 884 5735 untm
910 5676 968 5736 den
996 5676 1144 5742 l‘eindsn.
1171 5698 1229 5737 ron
1331 5684 1364 5737 51
1405 5674 1590 5735 hortolanum

414 5779 538 5835 etlichen
561 5776 712 5835 (issrlrosa
735 5790 873 5834 verrwarts
894 5776 1052 5849 getroffen.
1072 5776 1229 5849 gestorheu
1333 5780 1370 5835 52
1408 5772 1432 5831 V
1471 5772 1584 5833 'l‘ohler
1614 5774 1815 5855 Silerahquslle
1843 5796 1860 5854 p
1903 5780 1957 5836 ist
1988 5797 2001 5833 a
2036 5776 2085 5851 qui

414 5875 457 5935 ah
477 5879 525 5935 ein
547 5876 660 5936 rechter
682 5876 833 5940 ilttrterer.
862 5874 970 5931 steiller
992 5872 1147 5932 Belsenner
1168 5874 1228 5933 rod
1270 5874 1339 5931 citat
1369 5872 1475 5931 ltolleri
1506 5874 1580 5931 stra·
1604 5886 1716 5953 patrum
1743 5892 1778 5933 ex
1805 5872 1933 5933 editione
1954 5870 1991 5931 ll.
2017 5870 2085 5929 lios·

417 5972 590 6033 Vermehrer
609 5973 661 6031 des
684 5972 791 6031 lleirhs
807 5974 910 6029 Seius·
934 5970 1028 6029 llerrn
1047 5970 1123 6030 tom
1146 5973 1227 6032 l'hri·
1272 5972 1365 6031 weidii
1390 5994 1407 6051 p
1441 5978 1499 6033 113
1521 5992 1534 6029 s

331 6693 540 6713 —h
