5284 7042
1400 710 1457 771 124

561 880 578 998 Ξ
720 888 770 953 Ibi
792 886 1001 953 ostenderunt
1020 886 1115 951 nobis
1138 894 1290 967 montem,
1313 884 1369 951 vbi
1390 888 1478 955 stetit
1498 888 1608 971 lonas,
1634 896 1665 951 et
1685 886 1815 969 fontem,
1839 886 1880 951 de
1899 910 1963 973 quo
1984 886 2126 955 bibebat.
2168 887 2268 953 Vnde

562 1015 628 1077 set
657 1026 760 1089 usque
787 1002 884 1068 hodie
912 1002 1030 1069 dicitur
1056 1002 1127 1067 fons
1149 1003 1236 1068 Ione.
1277 1000 1356 1086 Ipsa
1377 1025 1453 1069 vero
1476 1005 1590 1069 claritas
1609 1002 1751 1067 totaliter
1774 1000 1932 1068 subnersa
1952 1014 2017 1085 est,
2050 1012 2081 1068 et
2104 1014 2266 1091 apparent

562 1142 578 1193 a
595 1121 690 1205 signa
712 1131 744 1184 et
763 1119 924 1183 fortilicia.
956 1118 1017 1183 Est
1038 1126 1147 1182 autem
1167 1140 1253 1181 nunc
1273 1117 1460 1183 reedificata
1474 1140 1514 1185 ex
1530 1118 1594 1185 alia
1609 1126 1701 1205 parte
1716 1116 1865 1199 fluminis,
1882 1128 1913 1183 et
1927 1116 2044 1186 dicitur
2062 1124 2185 1181 Marna!
2196 1122 2266 1199 ¹⁴⁰).

562 1223 578 1339 ἔ
719 1234 791 1299 Rex
820 1235 960 1299 claritatis
989 1244 1038 1297 est
1059 1232 1279 1314 Christianus,
1301 1233 1492 1299 Nestorinus
1513 1245 1630 1300 tamen.
1673 1233 1738 1313 Qui
1759 1230 1897 1299 libenter
1919 1234 2043 1299 audiuit
2064 1232 2266 1321 predicacio-

594 1375 668 1416 nem
691 1362 724 1415 et
743 1350 850 1432 iidem,
875 1350 932 1414 sed
957 1373 1021 1414 non
1043 1350 1182 1413 mutauit
1201 1350 1308 1413 ritum.

562 1476 577 1524 s
717 1465 769 1530 lbi
788 1476 861 1530 sunt
880 1465 972 1529 multi
990 1464 1082 1531 Iudei
1093 1514 1102 1545 ,
1125 1474 1157 1527 et
1177 1464 1313 1528 vicimus
1335 1488 1388 1529 eos
1411 1464 1542 1553 publica
1562 1465 1787 1552 disputacione
1808 1469 1841 1529 in
1863 1488 2032 1551 synagoga
2053 1488 2175 1531 eorum.

1163 1661 1267 1726 XVII.
1308 1662 1372 1726 DE
1393 1662 1613 1729 IACOBINIS
1629 1664 1693 1739 ¹⁴¹).

565 1814 577 1864 1
719 1813 816 1877 quta
846 1812 981 1877 eandem
1012 1814 1173 1877 ciuitatem
1205 1834 1305 1899 supra
1328 1812 1461 1877 fluuium
1484 1810 1630 1899 paradisi
1652 1822 1700 1877 est
1719 1812 2013 1877 nominatissimum
2034 1822 2065 1877 et
2085 1813 2264 1879 famosissi-

560 1900 684 2016 {mum
706 1930 938 1993 monasterinm
959 1929 1062 1993 sancti
1083 1928 1205 1993 Muthei
1226 1928 1365 2016 apostoli
1382 1930 1447 2007 ¹⁴²).
1489 1928 1540 1992 lbi
1560 1937 1608 1993 est
1629 1927 1721 1992 sedes
1743 1926 1929 2013 patriarche
1950 1926 2186 1995 Iacobinorum.
2220 1930 2265 1995 Et

562 2043 709 2115 rdicunt
726 2043 772 2107 ibi
794 2065 865 2108 esse
886 2054 1045 2108 trecentos
1067 2042 1250 2108 monachos.
1292 2043 1346 2109 Ad
1368 2068 1447 2130 quos
1470 2043 1675 2124 accedentes,
1698 2044 1878 2109 inuenimus
1900 2064 1954 2108 eos
1976 2042 2121 2111 homines
2145 2068 2264 2131 magne

562 2158 794 2226 substinencie
824 2170 857 2223 et
882 2160 980 2224 multe
1009 2161 1179 2225 oracionis.
1221 2160 1305 2223 Nam
1328 2160 1415 2224 omni
1437 2158 1488 2223 die
1511 2170 1619 2245 preter
1641 2159 1775 2224 ecclesie
1796 2158 1953 2239 officium,
1981 2160 2067 2246 quod
2096 2174 2145 2227 est
2166 2162 2264 2228 valde

561 2274 772 2359 sprolixum,
800 2274 951 2340 dicebant
971 2286 1072 2339 totum
1093 2275 1235 2340 officium
1258 2275 1382 2340 stando.
1427 2273 1509 2339 Sunt
1530 2296 1607 2339 vero
1628 2275 1777 2357 heretici,
1805 2274 1947 2339 dicentes
1976 2276 2010 2339 in
2032 2274 2162 2343 Christo
2190 2302 2264 2343 esse

593 2412 692 2454 vnum
724 2391 961 2473 substanciam,
994 2414 1090 2454 vnum
1117 2402 1268 2455 naturam
1296 2400 1329 2455 et
1355 2412 1452 2453 vnam
1480 2389 1676 2454 voluntatem
1699 2400 1731 2453 et
1750 2412 1847 2455 vnam
1868 2392 2109 2477 operacionem,
2139 2392 2266 2459 scilicet

592 2516 726 2589 tantum,
748 2518 780 2570 et
802 2529 906 2592 neque
927 2506 1095 2593 baptisant
1116 2508 1150 2570 in
1169 2506 1275 2570 forma
1294 2504 1428 2569 ecclesie
1450 2528 1507 2569 seu
1526 2507 1560 2569 in
1581 2506 1685 2570 forma
1705 2506 1874 2591 euangelii,
1897 2504 1953 2571 sed
1975 2506 2105 2571 dieunt:
2127 2508 2263 2596 „Bapti-

594 2633 684 2687 zetur
704 2623 744 2687 N.
773 2624 808 2686 in
836 2623 1126 2687 sanctificacionem
1156 2633 1188 2687 et
1216 2622 1433 2687 saluacionem
1455 2632 1486 2685 et
1506 2622 1538 2685 in
1559 2623 1784 2709 operacionem
1811 2624 1880 2685 sine
1902 2621 2029 2687 defectu
2050 2634 2081 2689 et
2102 2625 2135 2689 in
2156 2648 2265 2689 resur-

561 2739 770 2804 trcctionem
791 2738 1008 2816 benedictam,
1039 2762 1102 2826 que
1128 2750 1176 2803 est
1197 2738 1394 2803 demortuis
1416 2738 1449 2801 in
1471 2739 1570 2801 vitam
1593 2748 1744 2801 eternam.
1786 2738 1824 2801 In
1846 2740 1973 2802 nomine
1995 2738 2119 2803 Patris!
2151 2762 2264 2824 amen3

593 2855 628 2917 in
648 2857 776 2919 nomine
797 2854 888 2919 Filii!
913 2876 1022 2937 amen,
1043 2857 1077 2919 in
1098 2856 1226 2919 nomine
1249 2854 1390 2939 Spiritus
1411 2852 1532 2931 Sancti,
1555 2854 1620 2917 vite
1644 2852 1742 2917 seculi
1764 2851 1990 2918 seculoruml“

561 2979 577 3029 8
720 2970 902 3036 Conficiunt
924 2981 1032 3033 autem
1053 2968 1093 3033 de
1112 2970 1314 3050 fermentato,
1338 2980 1370 3033 et
1392 2970 1600 3033 commiscent
1621 2967 1766 3033 similiter
1787 2969 1935 3050 farinam,
1959 2992 2086 3056 aquam,
2109 2969 2208 3035 salem
2230 2980 2264 3037 et

561 3086 708 3169 solcum,
730 3099 762 3151 et
782 3086 823 3151 de
843 3086 901 3151 tali
924 3084 1096 3149 celebrant
1129 3086 1198 3149 Nec
1221 3096 1357 3171 possunt
1378 3084 1542 3149 celebrare
1564 3086 1627 3148 nisi
1650 3084 1690 3149 de
1712 3106 1796 3169 pane
1817 3083 1922 3149 calido
1945 3085 1995 3149 vel
2012 3084 2109 3150 valde
2129 3090 2261 3153 recenti.

544 3183 576 3300 {ll
715 3204 879 3287 Inungunt
900 3212 1009 3266 autem
1030 3212 1189 3265 mortuum
1210 3200 1279 3265 oleo
1300 3210 1422 3281 sancto,
1444 3200 1572 3285 quando
1587 3199 1749 3287 sepelitur,
1771 3222 1835 3264 aon
1855 3212 1962 3265 autem
1976 3201 2148 3267 infirmnm.
2183 3204 2262 3269 Post

593 3322 722 3384 tertium
744 3340 821 3383 vero
845 3317 930 3381 diem
953 3316 1117 3404 sepulture
1136 3316 1307 3380 infundunt
1330 3338 1429 3401 snpra
1451 3328 1609 3383 mortuum
1631 3338 1749 3402 aquam
1767 3338 1934 3381 rosaceum
1952 3326 1983 3380 et
1996 3316 2155 3404 quasdem
2169 3330 2260 3406 pota·

593 3436 711 3516 ciones,
733 3446 768 3498 vt
789 3444 933 3498 mortuus
955 3431 1048 3496 bibat
1067 3444 1100 3495 et
1120 3433 1231 3496 anima
1246 3432 1377 3497 recedat
1397 3430 1439 3496 ad
1455 3431 1560 3498 locum
1580 3456 1682 3514 suurn,
1705 3442 1737 3496 et
1752 3430 1903 3517 desperet
1916 3432 2063 3498 ammodo
2078 3435 2133 3509 ¹⁴³)
2152 3435 2260 3501 redire

593 3573 689 3637 posse
711 3548 755 3613 ad
776 3550 886 3630 vitam,
908 3571 1006 3633 qnam
1027 3570 1129 3633 vsque
1150 3557 1225 3611 tunc
1248 3546 1358 3611 dicunt
1380 3558 1554 3633 expectare
1566 3597 1574 3630 ,
1600 3559 1636 3612 vt
1656 3570 1713 3612 suo
1736 3548 1864 3633 corpori
1886 3550 2117 3632 coniungatnr3
2147 3562 2261 3636 postea

545 3684 575 3735 12
591 3689 670 3730 vero
691 3665 832 3730 totaliter
854 3664 1006 3750 desperat
1029 3663 1136 3727 redire
1156 3674 1188 3727 et
1208 3663 1339 3729 recedit.
1363 3700 1402 3709 —
1424 3664 1564 3728 Peccata
1586 3686 1650 3729 non
1673 3662 1862 3727 confitentur
1882 3665 1945 3729 nisi
1968 3663 2027 3729 soli
2042 3664 2124 3745 Deo,
2147 3678 2178 3729 et
2199 3665 2260 3733 hoc

545 3799 575 3849 13
591 3784 626 3845 in
646 3780 801 3865 generali.
841 3778 933 3842 Alios
954 3778 1096 3844 infinitos
1119 3802 1246 3844 errores
1269 3778 1400 3843 habent.

545 3908 576 3957 14
717 3898 784 3961 Nos
814 3905 920 3960 antem
949 3896 981 3959 in
1010 3918 1119 3959 eorum
1149 3896 1345 3960 monasterio
1367 3916 1429 3958 non
1452 3903 1642 3979 receperunt
1668 3902 1704 3957 vt
1724 3892 1883 3975 homines,
1913 3893 1972 3957 sed
1992 3906 2027 3959 vt
2047 3896 2196 3981 angelos,
2228 3910 2260 3963 et

545 4028 575 4079 15
592 4013 771 4078 narrabant
792 4012 885 4078 nobis
907 4010 1073 4093 miracula,
1092 4034 1155 4095 que
1177 4022 1287 4097 patres
1307 4018 1339 4073 et
1360 4009 1507 4073 monachi
1530 4030 1640 4073 eorum
1661 4011 1694 4073 in
1716 4009 1785 4075 loeo
1806 4008 1862 4073 illo
1876 4009 2028 4075 fecerunt.
2063 4010 2106 4075 Et
2119 4015 2261 4079 maxime

592 4152 691 4194 vnum
719 4126 849 4193 oculata
868 4128 932 4192 lide
952 4128 1045 4192 nobis
1064 4126 1289 4206 ostenderunt,
1311 4124 1398 4211 quod
1420 4148 1483 4189 non
1505 4126 1538 4188 in
1561 4123 1724 4206 clancule,
1747 4124 1804 4189 sed
1825 4125 1993 4189 manifeste
2015 4129 2159 4212 contigit.
2203 4130 2259 4194 Se

515 4217 520 4224 ι
591 4244 654 4310 mel
676 4247 760 4309 enim
782 4246 970 4329 congregati
990 4244 1092 4324 Curti,
1115 4241 1295 4327 dequibus
1317 4242 1464 4327 superius
1484 4239 1618 4304 fecimus
1641 4242 1850 4322 mencionem,
1870 4241 2014 4305 fecerunt
2034 4245 2212 4309 exercitum
2229 4256 2260 4310 et

592 4360 789 4427 obsederunt
809 4361 1049 4441 monesterium,
1073 4368 1196 4422 etcum
1218 4356 1317 4421 nichil
1343 4366 1474 4442 possent
1495 4354 1663 4441 prenalcre
1674 4406 1683 4439 ,
1704 4357 1781 4441 quia
1803 4366 1873 4419 erat
1893 4356 2162 4441 inexpugnabile,
2184 4360 2261 4427 irati

591 4477 685 4544 Curti
707 4475 922 4541 ascenderunt
943 4497 1040 4561 super
1063 4496 1215 4559 magnum
1234 4486 1390 4555 montem,
1413 4474 1469 4558 qui
1490 4483 1539 4536 est
1561 4493 1658 4557 super
1679 4474 1927 4555 monasterium,
1950 4484 1981 4537 et
2003 4472 2171 4539 diruerunt
2192 4498 2260 4541 rna·

590 4594 715 4658 ximum
737 4614 852 4655 saxum
873 4612 932 4675 per
953 4600 1104 4671 montem,
1126 4600 1161 4653 vt
1182 4590 1308 4653 veniret
1328 4600 1416 4655 recto
1439 4610 1536 4654 cursu
1559 4609 1659 4674 supra
1681 4589 1922 4669 monasterium,
1944 4598 1980 4653 vt
1995 4589 2101 4675 ipsum
2116 4589 2260 4657 dirueret

543 4731 573 4781 16
591 4719 622 4774 et
650 4705 826 4773 monachos
854 4705 1038 4770 occideret.
1065 4704 1253 4769 Prcdictum
1280 4715 1389 4769 autem
1418 4726 1512 4769 cursu
1543 4704 1694 4790 precipiti
1716 4706 1781 4768 ruit
1801 4706 1835 4767 in
1856 4706 2042 4769 monasterii
2067 4728 2194 4771 murum
2215 4708 2260 4772 al·

590 4836 659 4889 tum
687 4835 719 4888 et
745 4825 878 4903 fortem,
914 4833 947 4886 et
972 4819 1095 4885 nullum
1124 4822 1299 4907 dampnum
1331 4823 1423 4902 fecit,
1462 4819 1519 4883 sed
1545 4819 1643 4904 fregit
1671 4820 1711 4883 de
1740 4841 1831 4884 muro
1855 4831 2009 4906 quantum
2038 4832 2197 4887 muratum
2226 4825 2260 4887 in

544 4963 572 5011 17
590 4941 766 5020 murem),
794 4947 830 5000 vt
855 4938 927 5023 ipse
953 4960 1065 5001 murus
1090 4938 1209 5001 lorcior
1238 4948 1333 5003 esset
1382 4936 1463 5003 Cum
1492 4946 1598 5000 autem
1626 4934 1687 4999 hoc
1716 4934 1864 4999 viderent
1895 4936 2087 5001 ferocissimi
2114 4936 2260 5004 homines

543 5056 699 5136 recurri,
728 5062 947 5134 recesserunt,
974 5075 1034 5117 nec
1056 5057 1128 5117 ausi
1148 5064 1222 5117 sunt
1242 5051 1381 5139 amplius
1404 5052 1519 5116 redire.
1563 5051 1629 5115 Nos
1654 5062 1760 5115 autem
1781 5072 1907 5115 murum
1929 5050 2069 5116 vidimus
2092 5062 2123 5117 et
2145 5076 2262 5119 saxum

590 5174 624 5235 in
648 5192 740 5234 muro
760 5191 825 5234 non
843 5172 908 5234 iam
926 5170 1019 5233 iuxta
1040 5180 1169 5249 terram,
1188 5168 1246 5232 sed
1265 5170 1299 5231 in
1321 5167 1421 5231 altum
1442 5170 1476 5231 in
1497 5190 1599 5249 muro,
1621 5178 1656 5230 vt
1672 5169 1750 5231 satis
1764 5166 1891 5231 oculata
1906 5166 1969 5231 lide
1986 5178 2153 5254 appareat,
2176 5170 2262 5256 quod

591 5310 654 5352 non
676 5308 774 5372 opere
796 5285 948 5367 humano,
968 5284 1026 5348 sed
1047 5284 1202 5349 miraculo
1225 5284 1335 5349 diuino
1357 5284 1403 5348 ibi
1424 5283 1588 5347 remansit.

541 5378 574 5495 {3
714 5402 817 5466 Multa
838 5401 902 5465 alia
925 5398 1081 5464 miracula
1100 5400 1279 5465 narrabant
1298 5399 1409 5481 nobis,
1442 5422 1503 5484 que
1525 5397 1656 5484 longum
1686 5410 1769 5463 esset
1792 5422 1954 5465 enarrare.
1996 5400 2064 5465 Nos
2087 5410 2192 5463 autern
2214 5402 2261 5463 in-

657 5588 725 5659 140)
747 5586 783 5643 In
803 5586 933 5662 margine
959 5586 1078 5663 legitur:
1106 5588 1242 5657 Moasal,
1265 5586 1284 5644 i.
1305 5605 1328 5645 e.
1349 5586 1406 5641 Ni·
1512 5586 1580 5656 142)
1603 5584 1718 5642 Mataei
1738 5586 1872 5661 apostoli]
1901 5584 1935 5647 V.
1957 5583 2061 5643 Ritteri
2082 5602 2182 5663 geogr.
2203 5584 2260 5649 lx

592 5685 667 5756 aiae,
690 5688 726 5742 de
746 5684 848 5761 quibas
861 5686 988 5742 Marcus
1005 5687 1079 5743 libro
1094 5689 1194 5760 primo
1214 5684 1311 5760 capite
1331 5684 1404 5741 XV.
1448 5687 1505 5743 735
1526 5702 1588 5761 sqq.

590 5784 725 5844 Ceterum
749 5782 865 5841 Monsal
886 5803 951 5843 esse
971 5794 1118 5844 recentem
1140 5782 1236 5841 Mosul
1258 5783 1405 5841 neminem
1515 5783 1583 5854 143)
1605 5782 1742 5857 ammodo}
1765 5780 1886 5853 dehinc,
1906 5780 2051 5859 deinceps.

589 5883 671 5961 fugit.
1514 5882 1581 5954 144)
1606 5880 1696 5955 arura]
1720 5880 1799 5939 Dicit
1820 5878 1977 5955 Rieoldns,
2011 5887 2043 5936 ut
2064 5878 2192 5952 videtur,
2214 5900 2260 5939 sa·

654 5986 724 6056 141)
746 5980 893 6039 Iacobitis.
1447 5998 1515 6036 xum
1537 5998 1618 6037 muro
1640 5976 1733 6037 fracto
1756 5979 1874 6037 infixum
1894 5976 2061 6037 inhaesisse.
