<?xml version="1.0" encoding="UTF-8"?>
<!DOCTYPE html PUBLIC "-//W3C//DTD XHTML 1.0 Transitional//EN"
    "http://www.w3.org/TR/xhtml1/DTD/xhtml1-transitional.dtd">
<html xmlns="http://www.w3.org/1999/xhtml" xml:lang="en" lang="en">
 <head>
  <title>
</title>
<meta http-equiv="Content-Type" content="text/html;charset=utf-8" />
  <meta name='ocr-system' content='tesseract 3.04.00' />
  <meta name='ocr-capabilities' content='ocr_page ocr_carea ocr_par ocr_line ocrx_word'/>
</head>
<body>
  <div class='ocr_page' id='page_1' title='image "./peregrinatoresm00odorgoog_0058.png"; bbox 0 0 5284 7042; ppageno 0'>
   <div class='ocr_carea' id='block_1_1' title="bbox 1421 719 1461 780">
    <p class='ocr_par' dir='ltr' id='par_1_1' title="bbox 1421 719 1461 780">
     <span class='ocr_line' id='line_1_1' title="bbox 1421 719 1461 780; baseline 0.05 -2"><span class='ocrx_word' id='word_1_1' title='bbox 1421 719 1461 780; x_wconf 75' lang='lat'><strong>48</strong></span> 
     </span>
    </p>
   </div>
   <div class='ocr_carea' id='block_1_2' title="bbox 551 895 2308 2718">
    <p class='ocr_par' dir='ltr' id='par_1_2' title="bbox 598 895 2271 1098">
     <span class='ocr_line' id='line_1_2' title="bbox 599 895 2271 984; baseline 0.002 -26"><span class='ocrx_word' id='word_1_2' title='bbox 599 901 736 973; x_wconf 78' lang='lat' dir='ltr'><strong><em>„Nemini</em></strong></span> <span class='ocrx_word' id='word_1_3' title='bbox 757 901 896 960; x_wconf 75' lang='lat' dir='ltr'><strong><em>dixeritis</em></strong></span> <span class='ocrx_word' id='word_1_4' title='bbox 917 901 1057 959; x_wconf 76' lang='lat' dir='ltr'><strong>sirionem</strong></span> <span class='ocrx_word' id='word_1_5' title='bbox 1080 897 1235 976; x_wconf 75' lang='grc'>6160000).</span> <span class='ocrx_word' id='word_1_6' title='bbox 1271 897 1308 962; x_wconf 85' lang='grc'><strong>16</strong></span> <span class='ocrx_word' id='word_1_7' title='bbox 1331 896 1414 984; x_wconf 86' lang='lat' dir='ltr'><strong>pede</strong></span> <span class='ocrx_word' id='word_1_8' title='bbox 1434 901 1504 964; x_wconf 86' lang='lat' dir='ltr'><strong>eius</strong></span> <span class='ocrx_word' id='word_1_9' title='bbox 1523 895 1672 964; x_wconf 86' lang='lat' dir='ltr'><strong>orientali</strong></span> <span class='ocrx_word' id='word_1_10' title='bbox 1683 898 1741 970; x_wconf 79' lang='grc'>000)</span> <span class='ocrx_word' id='word_1_11' title='bbox 1763 895 1931 962; x_wconf 86' lang='lat' dir='ltr'><strong>descendit</strong></span> <span class='ocrx_word' id='word_1_12' title='bbox 1949 907 2077 964; x_wconf 87' lang='lat' dir='ltr'><strong>torrens</strong></span> <span class='ocrx_word' id='word_1_13' title='bbox 2091 897 2193 964; x_wconf 74' lang='lat' dir='ltr'><strong>cison</strong></span> <span class='ocrx_word' id='word_1_14' title='bbox 2208 897 2271 979; x_wconf 82' lang='lat' dir='ltr'><strong>ille,</strong></span> 
     </span>
     <span class='ocr_line' id='line_1_3' title="bbox 598 1012 1882 1098; baseline -0.001 -21"><span class='ocrx_word' id='word_1_15' title='bbox 598 1015 632 1077; x_wconf 91' lang='lat' dir='ltr'><strong>in</strong></span> <span class='ocrx_word' id='word_1_16' title='bbox 655 1037 717 1098; x_wconf 92' lang='lat' dir='ltr'><strong>quo</strong></span> <span class='ocrx_word' id='word_1_17' title='bbox 739 1012 936 1090; x_wconf 75' lang='lat' dir='ltr'><strong>Baracb²⁹⁹)</strong></span> <span class='ocrx_word' id='word_1_18' title='bbox 958 1015 1117 1098; x_wconf 83' lang='lat' dir='ltr'><strong>pugnauit</strong></span> <span class='ocrx_word' id='word_1_19' title='bbox 1138 1023 1250 1078; x_wconf 87' lang='lat' dir='ltr'><strong>contra</strong></span> <span class='ocrx_word' id='word_1_20' title='bbox 1273 1012 1428 1095; x_wconf 84' lang='lat' dir='ltr'><strong>Sisaram,</strong></span> <span class='ocrx_word' id='word_1_21' title='bbox 1450 1024 1483 1079; x_wconf 88' lang='lat' dir='ltr'><strong>et</strong></span> <span class='ocrx_word' id='word_1_22' title='bbox 1503 1015 1581 1078; x_wconf 89' lang='lat' dir='ltr'><strong>uicit</strong></span> <span class='ocrx_word' id='word_1_23' title='bbox 1601 1035 1672 1078; x_wconf 90' lang='lat' dir='ltr'><strong>eum</strong></span> <span class='ocrx_word' id='word_1_24' title='bbox 1695 1023 1726 1077; x_wconf 87' lang='lat' dir='ltr'><strong>et</strong></span> <span class='ocrx_word' id='word_1_25' title='bbox 1746 1012 1882 1098; x_wconf 80' lang='lat' dir='ltr'><strong>fugauit.</strong></span> 
     </span>
    </p>

    <p class='ocr_par' dir='ltr' id='par_1_3' title="bbox 599 1125 2274 1448">
     <span class='ocr_line' id='line_1_4' title="bbox 724 1125 2271 1218; baseline -0.002 -26"><span class='ocrx_word' id='word_1_26' title='bbox 724 1129 866 1194; x_wconf 85' lang='lat' dir='ltr'><strong>Torrcns</strong></span> <span class='ocrx_word' id='word_1_27' title='bbox 894 1129 956 1192; x_wconf 89' lang='lat' dir='ltr'><strong>iste</strong></span> <span class='ocrx_word' id='word_1_28' title='bbox 979 1129 1067 1190; x_wconf 80' lang='lat' dir='ltr'><strong>Gisoo</strong></span> <span class='ocrx_word' id='word_1_29' title='bbox 1080 1127 1153 1210; x_wconf 80' lang='lat'><strong>³⁰⁰),</strong></span> <span class='ocrx_word' id='word_1_30' title='bbox 1183 1127 1334 1194; x_wconf 86' lang='lat' dir='ltr'><strong>collectus</strong></span> <span class='ocrx_word' id='word_1_31' title='bbox 1361 1129 1402 1193; x_wconf 91' lang='lat' dir='ltr'><strong>de</strong></span> <span class='ocrx_word' id='word_1_32' title='bbox 1430 1131 1524 1216; x_wconf 89' lang='lat' dir='ltr'><strong>aquis</strong></span> <span class='ocrx_word' id='word_1_33' title='bbox 1550 1125 1748 1218; x_wconf 84' lang='lat' dir='ltr'><strong>pluuialibus</strong></span> <span class='ocrx_word' id='word_1_34' title='bbox 1780 1131 1898 1192; x_wconf 85' lang='lat' dir='ltr'><strong>montis</strong></span> <span class='ocrx_word' id='word_1_35' title='bbox 1921 1127 2032 1194; x_wconf 86' lang='lat' dir='ltr'><strong>Tabor</strong></span> <span class='ocrx_word' id='word_1_36' title='bbox 2061 1138 2093 1192; x_wconf 84' lang='lat' dir='ltr'><strong>et</strong></span> <span class='ocrx_word' id='word_1_37' title='bbox 2115 1125 2271 1206; x_wconf 85' lang='lat' dir='ltr'><strong>Hermon,</strong></span> 
     </span>
     <span class='ocr_line' id='line_1_5' title="bbox 599 1242 2274 1330; baseline -0.004 -18"><span class='ocrx_word' id='word_1_38' title='bbox 599 1244 765 1312; x_wconf 83' lang='lat' dir='ltr'><strong>descendit</strong></span> <span class='ocrx_word' id='word_1_39' title='bbox 793 1253 907 1308; x_wconf 90' lang='lat' dir='ltr'><strong>contra</strong></span> <span class='ocrx_word' id='word_1_40' title='bbox 932 1265 1020 1308; x_wconf 89' lang='lat' dir='ltr'><strong>mare</strong></span> <span class='ocrx_word' id='word_1_41' title='bbox 1042 1242 1184 1326; x_wconf 86' lang='lat' dir='ltr'><strong>Galilee,</strong></span> <span class='ocrx_word' id='word_1_42' title='bbox 1212 1256 1243 1308; x_wconf 91' lang='lat' dir='ltr'><strong>et</strong></span> <span class='ocrx_word' id='word_1_43' title='bbox 1269 1247 1369 1310; x_wconf 79' lang='lat' dir='ltr'><strong>intrat</strong></span> <span class='ocrx_word' id='word_1_44' title='bbox 1392 1244 1473 1310; x_wconf 88' lang='lat' dir='ltr'><strong>illud</strong></span> <span class='ocrx_word' id='word_1_45' title='bbox 1484 1247 1514 1288; x_wconf 83' lang='lat'><strong>³⁰</strong></span> <span class='ocrx_word' id='word_1_46' title='bbox 1522 1249 1542 1324; x_wconf 85' lang='lat'><strong>¹)</strong></span> <span class='ocrx_word' id='word_1_47' title='bbox 1573 1247 1666 1312; x_wconf 88' lang='lat' dir='ltr'><strong>iuxta</strong></span> <span class='ocrx_word' id='word_1_48' title='bbox 1693 1253 1834 1308; x_wconf 89' lang='lat' dir='ltr'><strong>castrum</strong></span> <span class='ocrx_word' id='word_1_49' title='bbox 1857 1245 2068 1325; x_wconf 81' lang='lat' dir='ltr'><strong>Betaeir³⁰²),</strong></span> <span class='ocrx_word' id='word_1_50' title='bbox 2105 1243 2192 1330; x_wconf 92' lang='lat' dir='ltr'><strong>quod</strong></span> <span class='ocrx_word' id='word_1_51' title='bbox 2212 1243 2274 1306; x_wconf 87' lang='lat' dir='ltr'><strong>suit</strong></span> 
     </span>
     <span class='ocr_line' id='line_1_6' title="bbox 600 1357 1072 1448; baseline -0.011 -21"><span class='ocrx_word' id='word_1_52' title='bbox 600 1360 759 1448; x_wconf 86' lang='lat' dir='ltr'><strong>hospitale</strong></span> <span class='ocrx_word' id='word_1_53' title='bbox 784 1361 887 1424; x_wconf 86' lang='lat' dir='ltr'><strong>sancti</strong></span> <span class='ocrx_word' id='word_1_54' title='bbox 909 1357 1072 1423; x_wconf 88' lang='lat' dir='ltr'><strong>Iohannis.</strong></span> 
     </span>
    </p>

    <p class='ocr_par' dir='ltr' id='par_1_4' title="bbox 551 1474 2308 2142">
     <span class='ocr_line' id='line_1_7' title="bbox 551 1474 2271 1553; baseline -0.001 -13"><span class='ocrx_word' id='word_1_55' title='bbox 551 1477 582 1528; x_wconf 87' lang='lat'><strong>¹⁰</strong></span> <span class='ocrx_word' id='word_1_56' title='bbox 724 1476 776 1540; x_wconf 88' lang='lat' dir='ltr'><strong>De</strong></span> <span class='ocrx_word' id='word_1_57' title='bbox 805 1485 912 1540; x_wconf 88' lang='lat' dir='ltr'><strong>monte</strong></span> <span class='ocrx_word' id='word_1_58' title='bbox 935 1474 1047 1539; x_wconf 85' lang='lat' dir='ltr'><strong>Tabor</strong></span> <span class='ocrx_word' id='word_1_59' title='bbox 1074 1497 1171 1540; x_wconf 88' lang='lat' dir='ltr'><strong>unam</strong></span> <span class='ocrx_word' id='word_1_60' title='bbox 1193 1474 1318 1540; x_wconf 83' lang='lat' dir='ltr'><strong>leucam</strong></span> <span class='ocrx_word' id='word_1_61' title='bbox 1341 1486 1453 1541; x_wconf 89' lang='lat' dir='ltr'><strong>contra</strong></span> <span class='ocrx_word' id='word_1_62' title='bbox 1475 1499 1587 1542; x_wconf 88' lang='lat' dir='ltr'><strong>eurum</strong></span> <span class='ocrx_word' id='word_1_63' title='bbox 1608 1487 1658 1541; x_wconf 86' lang='lat' dir='ltr'><strong>cst</strong></span> <span class='ocrx_word' id='word_1_64' title='bbox 1677 1475 1754 1541; x_wconf 90' lang='lat' dir='ltr'><strong>uilla</strong></span> <span class='ocrx_word' id='word_1_65' title='bbox 1775 1476 1962 1553; x_wconf 78' lang='lat' dir='ltr'><strong>Ertdor³⁰³),</strong></span> <span class='ocrx_word' id='word_1_66' title='bbox 1991 1479 2026 1539; x_wconf 92' lang='lat' dir='ltr'><strong>iu</strong></span> <span class='ocrx_word' id='word_1_67' title='bbox 2047 1485 2155 1540; x_wconf 88' lang='lat' dir='ltr'><strong>monte</strong></span> <span class='ocrx_word' id='word_1_68' title='bbox 2176 1477 2271 1538; x_wconf 72' lang='lat' dir='ltr'><strong>sita-r</strong></span> 
     </span>
     <span class='ocr_line' id='line_1_8' title="bbox 598 1589 2273 1681; baseline -0.002 -24"><span class='ocrx_word' id='word_1_69' title='bbox 598 1595 793 1670; x_wconf 74' lang='lat' dir='ltr'><strong>lte-montob)</strong></span> <span class='ocrx_word' id='word_1_70' title='bbox 809 1595 929 1654; x_wconf 83' lang='lat' dir='ltr'><strong>modico.</strong></span> <span class='ocrx_word' id='word_1_71' title='bbox 967 1589 1032 1669; x_wconf 82' lang='lat' dir='ltr'><strong>Qui</strong></span> <span class='ocrx_word' id='word_1_72' title='bbox 1047 1589 1259 1656; x_wconf 85' lang='lat' dir='ltr'><strong>Hermonium</strong></span> <span class='ocrx_word' id='word_1_73' title='bbox 1279 1613 1345 1657; x_wconf 89' lang='lat' dir='ltr'><strong>non</strong></span> <span class='ocrx_word' id='word_1_74' title='bbox 1366 1604 1415 1658; x_wconf 88' lang='lat' dir='ltr'><strong>est</strong></span> <span class='ocrx_word' id='word_1_75' title='bbox 1435 1615 1527 1657; x_wconf 88' lang='lat' dir='ltr'><strong>mons</strong></span> <span class='ocrx_word' id='word_1_76' title='bbox 1548 1614 1608 1681; x_wconf 89' lang='lat' dir='ltr'><strong>per</strong></span> <span class='ocrx_word' id='word_1_77' title='bbox 1627 1614 1671 1673; x_wconf 87' lang='lat' dir='ltr'><strong>sc,</strong></span> <span class='ocrx_word' id='word_1_78' title='bbox 1694 1592 1752 1656; x_wconf 90' lang='lat' dir='ltr'><strong>sed</strong></span> <span class='ocrx_word' id='word_1_79' title='bbox 1765 1593 1859 1680; x_wconf 88' lang='lat' dir='ltr'><strong>quasi</strong></span> <span class='ocrx_word' id='word_1_80' title='bbox 1873 1591 2123 1676; x_wconf 88' lang='lat' dir='ltr'><strong>tumorquidam</strong></span> <span class='ocrx_word' id='word_1_81' title='bbox 2140 1593 2273 1654; x_wconf 86' lang='lat' dir='ltr'><strong>ueniens</strong></span> 
     </span>
     <span class='ocr_line' id='line_1_9' title="bbox 600 1704 2308 1793; baseline -0.002 -20"><span class='ocrx_word' id='word_1_82' title='bbox 600 1709 764 1774; x_wconf 87' lang='lat' dir='ltr'><strong>demente</strong></span> <span class='ocrx_word' id='word_1_83' title='bbox 782 1707 927 1772; x_wconf 81' lang='lat' dir='ltr'>Hermon</span> <span class='ocrx_word' id='word_1_84' title='bbox 949 1716 1062 1770; x_wconf 88' lang='lat' dir='ltr'><strong>contra</strong></span> <span class='ocrx_word' id='word_1_85' title='bbox 1084 1717 1225 1772; x_wconf 87' lang='lat' dir='ltr'><strong>montem</strong></span> <span class='ocrx_word' id='word_1_86' title='bbox 1246 1707 1357 1772; x_wconf 87' lang='lat' dir='ltr'><strong>Tabor</strong></span> <span class='ocrx_word' id='word_1_87' title='bbox 1377 1717 1410 1772; x_wconf 87' lang='lat' dir='ltr'><strong>et</strong></span> <span class='ocrx_word' id='word_1_88' title='bbox 1429 1707 1477 1772; x_wconf 90' lang='lat' dir='ltr'><strong>illi</strong></span> <span class='ocrx_word' id='word_1_89' title='bbox 1499 1731 1534 1772; x_wconf 89' lang='lat' dir='ltr'><strong>sc</strong></span> <span class='ocrx_word' id='word_1_90' title='bbox 1555 1709 1763 1793; x_wconf 85' lang='lat' dir='ltr'><strong>coniungens.</strong></span> <span class='ocrx_word' id='word_1_91' title='bbox 1804 1708 1849 1772; x_wconf 85' lang='lat' dir='ltr'><strong>Ilt</strong></span> <span class='ocrx_word' id='word_1_92' title='bbox 1874 1708 1909 1771; x_wconf 92' lang='lat' dir='ltr'><strong>in</strong></span> <span class='ocrx_word' id='word_1_93' title='bbox 1931 1729 1969 1771; x_wconf 86' lang='lat' dir='ltr'><strong>eo</strong></span> <span class='ocrx_word' id='word_1_94' title='bbox 1991 1717 2040 1770; x_wconf 88' lang='lat' dir='ltr'><strong>est</strong></span> <span class='ocrx_word' id='word_1_95' title='bbox 2061 1706 2140 1770; x_wconf 92' lang='lat' dir='ltr'><strong>uilla</strong></span> <span class='ocrx_word' id='word_1_96' title='bbox 2159 1704 2272 1771; x_wconf 82' lang='lat' dir='ltr'><strong>Eudor</strong></span> <span class='ocrx_word' id='word_1_97' title='bbox 2304 1714 2308 1720; x_wconf 83' lang='lat'><em>&#39;</em></span> 
     </span>
     <span class='ocr_line' id='line_1_10' title="bbox 601 1819 2271 1908; baseline -0.002 -20"><span class='ocrx_word' id='word_1_98' title='bbox 601 1825 679 1906; x_wconf 86' lang='lat' dir='ltr'><strong>sita,</strong></span> <span class='ocrx_word' id='word_1_99' title='bbox 706 1821 746 1886; x_wconf 91' lang='lat' dir='ltr'><strong>de</strong></span> <span class='ocrx_word' id='word_1_100' title='bbox 773 1844 836 1907; x_wconf 77' lang='lat' dir='ltr'><strong>qam</strong></span> <span class='ocrx_word' id='word_1_101' title='bbox 867 1821 985 1888; x_wconf 88' lang='lat' dir='ltr'><strong>dicitur</strong></span> <span class='ocrx_word' id='word_1_102' title='bbox 1019 1823 1051 1886; x_wconf 90' lang='lat' dir='ltr'><strong>in</strong></span> <span class='ocrx_word' id='word_1_103' title='bbox 1079 1821 1203 1908; x_wconf 88' lang='lat' dir='ltr'><strong>psalmo</strong></span> <span class='ocrx_word' id='word_1_104' title='bbox 1216 1823 1291 1902; x_wconf 80' lang='grc'>000);</span> <span class='ocrx_word' id='word_1_105' title='bbox 1318 1827 1532 1903; x_wconf 81' lang='lat' dir='ltr'><strong>Disperieront</strong></span> <span class='ocrx_word' id='word_1_106' title='bbox 1563 1828 1595 1884; x_wconf 82' lang='lat' dir='ltr'><strong>ia</strong></span> <span class='ocrx_word' id='word_1_107' title='bbox 1617 1829 1731 1886; x_wconf 72' lang='lat' dir='ltr'><strong>Endos.</strong></span> <span class='ocrx_word' id='word_1_108' title='bbox 1773 1823 1811 1886; x_wconf 90' lang='lat' dir='ltr'><strong>In</strong></span> <span class='ocrx_word' id='word_1_109' title='bbox 1832 1823 1895 1888; x_wconf 79' lang='lat' dir='ltr'><strong>lsac</strong></span> <span class='ocrx_word' id='word_1_110' title='bbox 1915 1821 1996 1887; x_wconf 89' lang='lat' dir='ltr'><strong>uilla</strong></span> <span class='ocrx_word' id='word_1_111' title='bbox 2016 1824 2135 1886; x_wconf 91' lang='lat' dir='ltr'><strong>mansit</strong></span> <span class='ocrx_word' id='word_1_112' title='bbox 2156 1819 2271 1885; x_wconf 88' lang='lat' dir='ltr'><strong>mulier</strong></span> 
     </span>
     <span class='ocr_line' id='line_1_11' title="bbox 601 1934 2271 2024; baseline -0.003 -20"><span class='ocrx_word' id='word_1_113' title='bbox 601 1938 724 2004; x_wconf 76' lang='lat' dir='ltr'><strong>liabens</strong></span> <span class='ocrx_word' id='word_1_114' title='bbox 753 1937 945 2024; x_wconf 85' lang='lat' dir='ltr'><strong>pythonem,</strong></span> <span class='ocrx_word' id='word_1_115' title='bbox 978 1959 1039 2023; x_wconf 88' lang='lat' dir='ltr'><strong>que</strong></span> <span class='ocrx_word' id='word_1_116' title='bbox 1068 1937 1110 2002; x_wconf 90' lang='lat' dir='ltr'><strong>ad</strong></span> <span class='ocrx_word' id='word_1_117' title='bbox 1136 1939 1329 2002; x_wconf 81' lang='lat' dir='ltr'><strong>instanciam</strong></span> <span class='ocrx_word' id='word_1_118' title='bbox 1351 1939 1428 2004; x_wconf 84' lang='lat' dir='ltr'><strong>Saul</strong></span> <span class='ocrx_word' id='word_1_119' title='bbox 1451 1937 1635 2003; x_wconf 82' lang='lat' dir='ltr'><strong>Samuelem</strong></span> <span class='ocrx_word' id='word_1_120' title='bbox 1663 1941 1849 2020; x_wconf 80' lang='lat' dir='ltr'><strong>suscitauit,</strong></span> <span class='ocrx_word' id='word_1_121' title='bbox 1881 1948 1915 2002; x_wconf 90' lang='lat' dir='ltr'><strong>ut</strong></span> <span class='ocrx_word' id='word_1_122' title='bbox 1943 1937 2061 2002; x_wconf 87' lang='lat' dir='ltr'><strong>dicitur</strong></span> <span class='ocrx_word' id='word_1_123' title='bbox 2085 1937 2190 2024; x_wconf 88' lang='lat' dir='ltr'><strong>primo</strong></span> <span class='ocrx_word' id='word_1_124' title='bbox 2212 1934 2271 2000; x_wconf 86' lang='lat' dir='ltr'><strong>Re·</strong></span> 
     </span>
     <span class='ocr_line' id='line_1_12' title="bbox 600 2051 2172 2142; baseline -0.003 -22"><span class='ocrx_word' id='word_1_125' title='bbox 600 2057 760 2142; x_wconf 59' lang='grc'>3616000).</span> <span class='ocrx_word' id='word_1_126' title='bbox 804 2053 868 2134; x_wconf 80' lang='lat' dir='ltr'><strong>Qui</strong></span> <span class='ocrx_word' id='word_1_127' title='bbox 891 2051 1035 2140; x_wconf 85' lang='lat' dir='ltr'><strong>sepultus</strong></span> <span class='ocrx_word' id='word_1_128' title='bbox 1058 2055 1157 2118; x_wconf 88' lang='lat' dir='ltr'><strong>estin</strong></span> <span class='ocrx_word' id='word_1_129' title='bbox 1177 2053 1392 2140; x_wconf 73' lang='lat' dir='ltr'><strong>Ramathaym</strong></span> <span class='ocrx_word' id='word_1_130' title='bbox 1415 2055 1551 2141; x_wconf 82' lang='lat' dir='ltr'><strong>SophIm</strong></span> <span class='ocrx_word' id='word_1_131' title='bbox 1571 2055 1639 2118; x_wconf 86' lang='lat' dir='ltr'><strong>fere</strong></span> <span class='ocrx_word' id='word_1_132' title='bbox 1660 2053 1703 2119; x_wconf 89' lang='lat' dir='ltr'><strong>ad</strong></span> <span class='ocrx_word' id='word_1_133' title='bbox 1723 2053 1805 2120; x_wconf 88' lang='lat' dir='ltr'><strong>duas</strong></span> <span class='ocrx_word' id='word_1_134' title='bbox 1828 2054 1931 2118; x_wconf 87' lang='lat' dir='ltr'><strong>dietas</strong></span> <span class='ocrx_word' id='word_1_135' title='bbox 1953 2053 2085 2118; x_wconf 86' lang='lat' dir='ltr'><strong>deloco</strong></span> <span class='ocrx_word' id='word_1_136' title='bbox 2107 2051 2172 2116; x_wconf 86' lang='lat' dir='ltr'><strong>illo.</strong></span> 
     </span>
    </p>

    <p class='ocr_par' dir='ltr' id='par_1_5' title="bbox 551 2167 2273 2470">
     <span class='ocr_line' id='line_1_13' title="bbox 551 2167 2272 2256; baseline -0.002 -20"><span class='ocrx_word' id='word_1_137' title='bbox 551 2175 579 2226; x_wconf 87' lang='lat'><strong>1¹</strong></span> <span class='ocrx_word' id='word_1_138' title='bbox 724 2171 776 2236; x_wconf 88' lang='lat' dir='ltr'><strong>De</strong></span> <span class='ocrx_word' id='word_1_139' title='bbox 799 2167 962 2234; x_wconf 79' lang='lat' dir='ltr'><strong>Nazareth</strong></span> <span class='ocrx_word' id='word_1_140' title='bbox 992 2167 1117 2232; x_wconf 87' lang='lat' dir='ltr'><strong>duabus</strong></span> <span class='ocrx_word' id='word_1_141' title='bbox 1146 2167 1261 2248; x_wconf 88' lang='lat' dir='ltr'><strong>leucis,</strong></span> <span class='ocrx_word' id='word_1_142' title='bbox 1294 2168 1334 2233; x_wconf 89' lang='lat' dir='ltr'><strong>de</strong></span> <span class='ocrx_word' id='word_1_143' title='bbox 1366 2184 1473 2234; x_wconf 89' lang='lat' dir='ltr'><strong>monte</strong></span> <span class='ocrx_word' id='word_1_144' title='bbox 1495 2169 1607 2234; x_wconf 88' lang='lat' dir='ltr'><strong>Tabor</strong></span> <span class='ocrx_word' id='word_1_145' title='bbox 1629 2169 1702 2256; x_wconf 90' lang='lat' dir='ltr'><strong>plus</strong></span> <span class='ocrx_word' id='word_1_146' title='bbox 1724 2193 1788 2234; x_wconf 90' lang='lat' dir='ltr'><strong>una</strong></span> <span class='ocrx_word' id='word_1_147' title='bbox 1810 2181 1923 2234; x_wconf 88' lang='lat' dir='ltr'><strong>contra</strong></span> <span class='ocrx_word' id='word_1_148' title='bbox 1944 2181 2090 2234; x_wconf 78' lang='lat' dir='ltr'><strong>austrum</strong></span> <span class='ocrx_word' id='word_1_149' title='bbox 2109 2179 2160 2232; x_wconf 86' lang='lat' dir='ltr'><strong>est</strong></span> <span class='ocrx_word' id='word_1_150' title='bbox 2180 2191 2272 2232; x_wconf 86' lang='lat' dir='ltr'><strong>meus</strong></span> 
     </span>
     <span class='ocr_line' id='line_1_14' title="bbox 600 2283 2273 2371; baseline -0.003 -19"><span class='ocrx_word' id='word_1_151' title='bbox 600 2295 732 2352; x_wconf 82' lang='lat' dir='ltr'><em>Hermon</em></span> <span class='ocrx_word' id='word_1_152' title='bbox 754 2287 929 2362; x_wconf 69' lang='grc' dir='ltr'>61666νο00),</span> <span class='ocrx_word' id='word_1_153' title='bbox 950 2285 982 2347; x_wconf 88' lang='grc'><strong>16</strong></span> <span class='ocrx_word' id='word_1_154' title='bbox 1006 2287 1095 2348; x_wconf 90' lang='lat' dir='ltr'><strong>cuius</strong></span> <span class='ocrx_word' id='word_1_155' title='bbox 1118 2283 1218 2348; x_wconf 85' lang='lat' dir='ltr'><strong>latere</strong></span> <span class='ocrx_word' id='word_1_156' title='bbox 1244 2284 1420 2371; x_wconf 82' lang='lat' dir='ltr'><strong>aquilonali</strong></span> <span class='ocrx_word' id='word_1_157' title='bbox 1442 2296 1490 2350; x_wconf 92' lang='lat' dir='ltr'><strong>est</strong></span> <span class='ocrx_word' id='word_1_158' title='bbox 1511 2287 1626 2350; x_wconf 91' lang='lat' dir='ltr'><strong>ciuitas</strong></span> <span class='ocrx_word' id='word_1_159' title='bbox 1648 2287 1825 2367; x_wconf 63' lang='grc'>60696000),</span> <span class='ocrx_word' id='word_1_160' title='bbox 1848 2297 1923 2352; x_wconf 88' lang='lat' dir='ltr'><strong>aute</strong></span> <span class='ocrx_word' id='word_1_161' title='bbox 1944 2286 2035 2350; x_wconf 86' lang='lat' dir='ltr'><strong>cuius</strong></span> <span class='ocrx_word' id='word_1_162' title='bbox 2057 2294 2182 2370; x_wconf 88' lang='lat' dir='ltr'><strong>portam</strong></span> <span class='ocrx_word' id='word_1_163' title='bbox 2206 2284 2273 2348; x_wconf 88' lang='lat' dir='ltr'><strong>Dc·</strong></span> 
     </span>
     <span class='ocr_line' id='line_1_15' title="bbox 601 2401 1146 2470; baseline -0.009 0"><span class='ocrx_word' id='word_1_164' title='bbox 601 2407 706 2470; x_wconf 90' lang='lat' dir='ltr'><strong>minus</strong></span> <span class='ocrx_word' id='word_1_165' title='bbox 727 2403 828 2466; x_wconf 88' lang='lat' dir='ltr'><strong>lilium</strong></span> <span class='ocrx_word' id='word_1_166' title='bbox 850 2401 947 2464; x_wconf 91' lang='lat' dir='ltr'><strong>uiduc</strong></span> <span class='ocrx_word' id='word_1_167' title='bbox 969 2401 1146 2466; x_wconf 87' lang='lat' dir='ltr'><strong>suscitauit.</strong></span> 
     </span>
    </p>

    <p class='ocr_par' dir='ltr' id='par_1_6' title="bbox 601 2514 2273 2718">
     <span class='ocr_line' id='line_1_16' title="bbox 724 2514 2273 2602; baseline -0.003 -19"><span class='ocrx_word' id='word_1_168' title='bbox 724 2519 768 2583; x_wconf 79' lang='lat' dir='ltr'><strong>Ilt</strong></span> <span class='ocrx_word' id='word_1_169' title='bbox 788 2515 974 2582; x_wconf 79' lang='lat' dir='ltr'><strong>extenditur</strong></span> <span class='ocrx_word' id='word_1_170' title='bbox 995 2539 1087 2580; x_wconf 88' lang='lat' dir='ltr'><strong>mons</strong></span> <span class='ocrx_word' id='word_1_171' title='bbox 1107 2518 1169 2581; x_wconf 87' lang='lat' dir='ltr'><strong>istc</strong></span> <span class='ocrx_word' id='word_1_172' title='bbox 1190 2517 1223 2580; x_wconf 92' lang='lat' dir='ltr'><strong>in</strong></span> <span class='ocrx_word' id='word_1_173' title='bbox 1244 2514 1445 2600; x_wconf 87' lang='lat' dir='ltr'><strong>longitudine</strong></span> <span class='ocrx_word' id='word_1_174' title='bbox 1465 2518 1533 2582; x_wconf 86' lang='lat' dir='ltr'><strong>fere</strong></span> <span class='ocrx_word' id='word_1_175' title='bbox 1553 2528 1691 2602; x_wconf 87' lang='lat' dir='ltr'><strong>quatuor</strong></span> <span class='ocrx_word' id='word_1_176' title='bbox 1712 2515 1812 2581; x_wconf 87' lang='lat' dir='ltr'><strong>leucis</strong></span> <span class='ocrx_word' id='word_1_177' title='bbox 1834 2526 1947 2581; x_wconf 90' lang='lat' dir='ltr'><strong>contra</strong></span> <span class='ocrx_word' id='word_1_178' title='bbox 1969 2537 2059 2580; x_wconf 90' lang='lat' dir='ltr'><strong>mare</strong></span> <span class='ocrx_word' id='word_1_179' title='bbox 2083 2514 2220 2596; x_wconf 84' lang='lat' dir='ltr'><strong>Galilec,</strong></span> <span class='ocrx_word' id='word_1_180' title='bbox 2240 2527 2273 2578; x_wconf 90' lang='lat' dir='ltr'><strong>et</strong></span> 
     </span>
     <span class='ocr_line' id='line_1_17' title="bbox 601 2629 2106 2718; baseline -0.004 -18"><span class='ocrx_word' id='word_1_181' title='bbox 601 2637 793 2701; x_wconf 83' lang='lat' dir='ltr'><strong>terminatur</strong></span> <span class='ocrx_word' id='word_1_182' title='bbox 814 2655 876 2696; x_wconf 90' lang='lat' dir='ltr'><strong>non</strong></span> <span class='ocrx_word' id='word_1_183' title='bbox 900 2631 994 2716; x_wconf 85' lang='lat' dir='ltr'><strong>longe</strong></span> <span class='ocrx_word' id='word_1_184' title='bbox 1015 2653 1034 2694; x_wconf 88' lang='lat' dir='ltr'><strong>a</strong></span> <span class='ocrx_word' id='word_1_185' title='bbox 1056 2630 1126 2696; x_wconf 91' lang='lat' dir='ltr'><strong>loco</strong></span> <span class='ocrx_word' id='word_1_186' title='bbox 1150 2629 1220 2712; x_wconf 92' lang='lat' dir='ltr'><strong>illo,</strong></span> <span class='ocrx_word' id='word_1_187' title='bbox 1243 2631 1299 2696; x_wconf 91' lang='lat' dir='ltr'><strong>ubi</strong></span> <span class='ocrx_word' id='word_1_188' title='bbox 1319 2632 1478 2698; x_wconf 80' lang='lat' dir='ltr'>Iordanes</span> <span class='ocrx_word' id='word_1_189' title='bbox 1499 2633 1617 2697; x_wconf 84' lang='lat' dir='ltr'><strong>fluuius</strong></span> <span class='ocrx_word' id='word_1_190' title='bbox 1639 2632 1802 2718; x_wconf 86' lang='lat' dir='ltr'><strong>egreditur</strong></span> <span class='ocrx_word' id='word_1_191' title='bbox 1824 2655 1844 2696; x_wconf 92' lang='lat' dir='ltr'><strong>a</strong></span> <span class='ocrx_word' id='word_1_192' title='bbox 1864 2635 1948 2696; x_wconf 90' lang='lat' dir='ltr'><strong>mari</strong></span> <span class='ocrx_word' id='word_1_193' title='bbox 1970 2630 2106 2696; x_wconf 84' lang='lat' dir='ltr'><strong>Galilee.</strong></span> 
     </span>
    </p>
   </div>
   <div class='ocr_carea' id='block_1_3' title="bbox 912 2812 1968 2894">
    <p class='ocr_par' dir='ltr' id='par_1_7' title="bbox 912 2812 1968 2894">
     <span class='ocr_line' id='line_1_18' title="bbox 912 2812 1968 2894; baseline -0.002 -16"><span class='ocrx_word' id='word_1_194' title='bbox 912 2812 1079 2880; x_wconf 80' lang='lat' dir='ltr'>INCIPIT</span> <span class='ocrx_word' id='word_1_195' title='bbox 1103 2813 1267 2880; x_wconf 80' lang='lat' dir='ltr'>TERCIA</span> <span class='ocrx_word' id='word_1_196' title='bbox 1287 2813 1457 2880; x_wconf 88' lang='lat' dir='ltr'><strong>DlUISlO</strong></span> <span class='ocrx_word' id='word_1_197' title='bbox 1480 2814 1664 2894; x_wconf 76' lang='lat' dir='ltr'><strong>QUARTE</strong></span> <span class='ocrx_word' id='word_1_198' title='bbox 1687 2813 1968 2880; x_wconf 82' lang='lat' dir='ltr'>ORIENTALIS.</span> 
     </span>
    </p>
   </div>
   <div class='ocr_carea' id='block_1_4' title="bbox 570 2945 2273 3035">
    <p class='ocr_par' dir='ltr' id='par_1_8' title="bbox 570 2945 2273 3035">
     <span class='ocr_line' id='line_1_19' title="bbox 570 2945 2273 3035; baseline -0.004 -21"><span class='ocrx_word' id='word_1_199' title='bbox 570 2963 580 3014; x_wconf 89' lang='grc'>1</span> <span class='ocrx_word' id='word_1_200' title='bbox 726 2947 795 3012; x_wconf 87' lang='lat' dir='ltr'>VII.</span> <span class='ocrx_word' id='word_1_201' title='bbox 839 2947 876 3012; x_wconf 89' lang='lat' dir='ltr'><strong>In</strong></span> <span class='ocrx_word' id='word_1_202' title='bbox 899 2947 1001 3010; x_wconf 87' lang='lat' dir='ltr'><strong>tercia</strong></span> <span class='ocrx_word' id='word_1_203' title='bbox 1021 2945 1180 3010; x_wconf 87' lang='lat' dir='ltr'><strong>diuisione</strong></span> <span class='ocrx_word' id='word_1_204' title='bbox 1203 2955 1316 3031; x_wconf 89' lang='lat' dir='ltr'><strong>quarte</strong></span> <span class='ocrx_word' id='word_1_205' title='bbox 1337 2945 1511 3029; x_wconf 89' lang='lat' dir='ltr'><strong>orientalis,</strong></span> <span class='ocrx_word' id='word_1_206' title='bbox 1533 2970 1595 3034; x_wconf 85' lang='lat' dir='ltr'><strong>que</strong></span> <span class='ocrx_word' id='word_1_207' title='bbox 1615 2946 1763 3035; x_wconf 85' lang='lat' dir='ltr'><strong>procedit</strong></span> <span class='ocrx_word' id='word_1_208' title='bbox 1784 2961 1897 3011; x_wconf 88' lang='lat' dir='ltr'><strong>contra</strong></span> <span class='ocrx_word' id='word_1_209' title='bbox 1917 2954 2043 3027; x_wconf 82' lang='lat' dir='ltr'><strong>notum,</strong></span> <span class='ocrx_word' id='word_1_210' title='bbox 2071 2947 2177 3032; x_wconf 88' lang='lat' dir='ltr'><strong>primo</strong></span> <span class='ocrx_word' id='word_1_211' title='bbox 2199 2957 2273 3032; x_wconf 86' lang='lat' dir='ltr'><strong>post</strong></span> 
     </span>
    </p>
   </div>
   <div class='ocr_carea' id='block_1_5' title="bbox 601 3060 2272 3392">
    <p class='ocr_par' dir='ltr' id='par_1_9' title="bbox 601 3060 2272 3392">
     <span class='ocr_line' id='line_1_20' title="bbox 601 3060 2272 3149; baseline -0.005 -17"><span class='ocrx_word' id='word_1_212' title='bbox 601 3067 713 3132; x_wconf 88' lang='lat' dir='ltr'><strong>Accon</strong></span> <span class='ocrx_word' id='word_1_213' title='bbox 737 3065 877 3130; x_wconf 89' lang='lat' dir='ltr'><strong>occurrit</strong></span> <span class='ocrx_word' id='word_1_214' title='bbox 901 3065 1006 3149; x_wconf 87' lang='lat' dir='ltr'><strong>prima</strong></span> <span class='ocrx_word' id='word_1_215' title='bbox 1028 3085 1104 3148; x_wconf 89' lang='lat' dir='ltr'><strong>pars</strong></span> <span class='ocrx_word' id='word_1_216' title='bbox 1128 3062 1245 3125; x_wconf 89' lang='lat' dir='ltr'><strong>montis</strong></span> <span class='ocrx_word' id='word_1_217' title='bbox 1271 3065 1402 3123; x_wconf 81' lang='lat' dir='ltr'><strong><em>Carmeli</em></strong></span> <span class='ocrx_word' id='word_1_218' title='bbox 1424 3061 1466 3126; x_wconf 91' lang='lat' dir='ltr'><strong>ad</strong></span> <span class='ocrx_word' id='word_1_219' title='bbox 1488 3074 1625 3146; x_wconf 92' lang='lat' dir='ltr'><strong>quatuor</strong></span> <span class='ocrx_word' id='word_1_220' title='bbox 1651 3063 1761 3127; x_wconf 87' lang='lat' dir='ltr'><strong>leucas</strong></span> <span class='ocrx_word' id='word_1_221' title='bbox 1790 3062 1830 3127; x_wconf 86' lang='lat' dir='ltr'><strong>de</strong></span> <span class='ocrx_word' id='word_1_222' title='bbox 1851 3060 1972 3126; x_wconf 85' lang='lat' dir='ltr'><strong>Accon.</strong></span> <span class='ocrx_word' id='word_1_223' title='bbox 2015 3060 2080 3125; x_wconf 91' lang='lat' dir='ltr'><strong>Ubi</strong></span> <span class='ocrx_word' id='word_1_224' title='bbox 2101 3060 2192 3127; x_wconf 89' lang='lat' dir='ltr'><strong>locus</strong></span> <span class='ocrx_word' id='word_1_225' title='bbox 2213 3068 2272 3138; x_wconf 83' lang='lat' dir='ltr'><strong>est,</strong></span> 
     </span>
     <span class='ocr_line' id='line_1_21' title="bbox 601 3175 2272 3268; baseline -0.004 -22"><span class='ocrx_word' id='word_1_226' title='bbox 601 3185 634 3246; x_wconf 89' lang='lat' dir='ltr'><strong>iu</strong></span> <span class='ocrx_word' id='word_1_227' title='bbox 665 3205 728 3268; x_wconf 90' lang='lat' dir='ltr'><strong>quo</strong></span> <span class='ocrx_word' id='word_1_228' title='bbox 750 3178 863 3244; x_wconf 89' lang='lat' dir='ltr'><strong>Helias</strong></span> <span class='ocrx_word' id='word_1_229' title='bbox 893 3177 1053 3265; x_wconf 89' lang='lat' dir='ltr'><strong>propheta</strong></span> <span class='ocrx_word' id='word_1_230' title='bbox 1081 3176 1201 3240; x_wconf 90' lang='lat' dir='ltr'><strong>occidit</strong></span> <span class='ocrx_word' id='word_1_231' title='bbox 1230 3175 1413 3240; x_wconf 75' lang='lat' dir='ltr'><strong>sacerdotes</strong></span> <span class='ocrx_word' id='word_1_232' title='bbox 1435 3177 1532 3260; x_wconf 87' lang='lat' dir='ltr'><strong>Baal,</strong></span> <span class='ocrx_word' id='word_1_233' title='bbox 1561 3181 1595 3243; x_wconf 91' lang='lat' dir='ltr'><strong>in</strong></span> <span class='ocrx_word' id='word_1_234' title='bbox 1622 3188 1765 3244; x_wconf 88' lang='lat' dir='ltr'><strong>torrente</strong></span> <span class='ocrx_word' id='word_1_235' title='bbox 1787 3177 1904 3257; x_wconf 83' lang='lat' dir='ltr'><strong>Cieon,</strong></span> <span class='ocrx_word' id='word_1_236' title='bbox 1935 3185 1971 3240; x_wconf 90' lang='lat' dir='ltr'><strong>ut</strong></span> <span class='ocrx_word' id='word_1_237' title='bbox 2003 3175 2121 3241; x_wconf 87' lang='lat' dir='ltr'><strong>dicitur</strong></span> <span class='ocrx_word' id='word_1_238' title='bbox 2141 3176 2191 3241; x_wconf 89' lang='lat'><strong>111</strong></span> <span class='ocrx_word' id='word_1_239' title='bbox 2212 3175 2272 3240; x_wconf 85' lang='lat' dir='ltr'><strong>Re·</strong></span> 
     </span>
     <span class='ocr_line' id='line_1_22' title="bbox 602 3290 2272 3392; baseline -0.004 -32"><span class='ocrx_word' id='word_1_240' title='bbox 602 3299 755 3384; x_wconf 60' lang='grc'>3666000).</span> <span class='ocrx_word' id='word_1_241' title='bbox 799 3297 863 3374; x_wconf 78' lang='lat' dir='ltr'><strong>Qui</strong></span> <span class='ocrx_word' id='word_1_242' title='bbox 886 3297 988 3359; x_wconf 87' lang='lat' dir='ltr'><strong>eciam</strong></span> <span class='ocrx_word' id='word_1_243' title='bbox 1010 3293 1130 3358; x_wconf 86' lang='lat' dir='ltr'><strong><em>ibidem</em></strong></span> <span class='ocrx_word' id='word_1_244' title='bbox 1153 3303 1227 3378; x_wconf 87' lang='lat' dir='ltr'><strong>post</strong></span> <span class='ocrx_word' id='word_1_245' title='bbox 1248 3290 1410 3392; x_wconf 75' lang='lat' dir='ltr'><strong>leodicum</strong></span> <span class='ocrx_word' id='word_1_246' title='bbox 1433 3294 1580 3379; x_wconf 84' lang='lat' dir='ltr'><strong>spacium</strong></span> <span class='ocrx_word' id='word_1_247' title='bbox 1602 3317 1692 3358; x_wconf 87' lang='lat' dir='ltr'><strong>mare</strong></span> <span class='ocrx_word' id='word_1_248' title='bbox 1713 3315 1866 3378; x_wconf 84' lang='lat' dir='ltr'><strong>magnum</strong></span> <span class='ocrx_word' id='word_1_249' title='bbox 1887 3291 2067 3377; x_wconf 87' lang='lat' dir='ltr'><strong>ingreditur</strong></span> <span class='ocrx_word' id='word_1_250' title='bbox 2088 3313 2187 3356; x_wconf 90' lang='lat' dir='ltr'><strong>unam</strong></span> <span class='ocrx_word' id='word_1_251' title='bbox 2208 3290 2272 3356; x_wconf 86' lang='lat' dir='ltr'><strong>leu-</strong></span> 
     </span>
    </p>
   </div>
   <div class='ocr_carea' id='block_1_6' title="bbox 528 3407 2275 4198">
    <p class='ocr_par' dir='ltr' id='par_1_10' title="bbox 602 3407 1690 3496">
     <span class='ocr_line' id='line_1_23' title="bbox 602 3407 1690 3496; baseline -0.006 -18"><span class='ocrx_word' id='word_1_252' title='bbox 602 3437 672 3478; x_wconf 88' lang='lat' dir='ltr'><strong>cam</strong></span> <span class='ocrx_word' id='word_1_253' title='bbox 694 3434 713 3475; x_wconf 92' lang='lat' dir='ltr'><strong>a</strong></span> <span class='ocrx_word' id='word_1_254' title='bbox 737 3412 866 3474; x_wconf 87' lang='lat' dir='ltr'><strong>ciuitate</strong></span> <span class='ocrx_word' id='word_1_255' title='bbox 888 3408 1036 3496; x_wconf 85' lang='lat' dir='ltr'><strong>Caypba‚</strong></span> <span class='ocrx_word' id='word_1_256' title='bbox 1059 3407 1115 3472; x_wconf 84' lang='lat' dir='ltr'><strong>sed</strong></span> <span class='ocrx_word' id='word_1_257' title='bbox 1138 3409 1204 3472; x_wconf 86' lang='lat' dir='ltr'><strong>fere</strong></span> <span class='ocrx_word' id='word_1_258' title='bbox 1224 3419 1289 3471; x_wconf 88' lang='lat' dir='ltr'><strong>tres</strong></span> <span class='ocrx_word' id='word_1_259' title='bbox 1313 3430 1333 3472; x_wconf 91' lang='lat' dir='ltr'><strong>a</strong></span> <span class='ocrx_word' id='word_1_260' title='bbox 1355 3409 1486 3472; x_wconf 86' lang='lat' dir='ltr'><strong>ciuitate</strong></span> <span class='ocrx_word' id='word_1_261' title='bbox 1508 3411 1690 3474; x_wconf 78' lang='lat' dir='ltr'><strong>acconensi.</strong></span> 
     </span>
    </p>

    <p class='ocr_par' dir='ltr' id='par_1_11' title="bbox 528 3522 2275 4198">
     <span class='ocr_line' id='line_1_24' title="bbox 724 3522 2272 3610; baseline -0.003 -20"><span class='ocrx_word' id='word_1_262' title='bbox 724 3525 769 3591; x_wconf 82' lang='lat' dir='ltr'><strong>Et</strong></span> <span class='ocrx_word' id='word_1_263' title='bbox 790 3537 865 3590; x_wconf 87' lang='lat' dir='ltr'><strong>nota</strong></span> <span class='ocrx_word' id='word_1_264' title='bbox 887 3524 927 3588; x_wconf 87' lang='lat' dir='ltr'><strong>de</strong></span> <span class='ocrx_word' id='word_1_265' title='bbox 948 3527 1010 3589; x_wconf 83' lang='lat' dir='ltr'><strong>isto</strong></span> <span class='ocrx_word' id='word_1_266' title='bbox 1030 3533 1170 3588; x_wconf 83' lang='lat' dir='ltr'><strong>torrente</strong></span> <span class='ocrx_word' id='word_1_267' title='bbox 1195 3527 1296 3600; x_wconf 77' lang='lat' dir='ltr'><strong>eison,</strong></span> <span class='ocrx_word' id='word_1_268' title='bbox 1318 3522 1422 3610; x_wconf 86' lang='lat' dir='ltr'><strong>quod,</strong></span> <span class='ocrx_word' id='word_1_269' title='bbox 1451 3523 1526 3589; x_wconf 89' lang='lat' dir='ltr'><strong>licet</strong></span> <span class='ocrx_word' id='word_1_270' title='bbox 1547 3528 1581 3589; x_wconf 90' lang='lat' dir='ltr'><strong>in</strong></span> <span class='ocrx_word' id='word_1_271' title='bbox 1602 3527 1650 3590; x_wconf 89' lang='lat' dir='ltr'><strong>rei</strong></span> <span class='ocrx_word' id='word_1_272' title='bbox 1670 3527 1806 3590; x_wconf 85' lang='lat' dir='ltr'><strong>ueritate</strong></span> <span class='ocrx_word' id='word_1_273' title='bbox 1828 3523 1977 3588; x_wconf 85' lang='lat' dir='ltr'><strong>uideatur</strong></span> <span class='ocrx_word' id='word_1_274' title='bbox 2000 3533 2032 3586; x_wconf 86' lang='lat' dir='ltr'><strong>ct</strong></span> <span class='ocrx_word' id='word_1_275' title='bbox 2053 3523 2180 3588; x_wconf 87' lang='lat' dir='ltr'><strong>dicatur</strong></span> <span class='ocrx_word' id='word_1_276' title='bbox 2201 3543 2272 3587; x_wconf 85' lang='lat' dir='ltr'><strong>esse</strong></span> 
     </span>
     <span class='ocr_line' id='line_1_25' title="bbox 602 3637 2270 3727; baseline -0.004 -20"><span class='ocrx_word' id='word_1_277' title='bbox 602 3666 699 3724; x_wconf 82' lang='lat' dir='ltr'><strong>unus,</strong></span> <span class='ocrx_word' id='word_1_278' title='bbox 730 3640 901 3727; x_wconf 89' lang='lat' dir='ltr'><strong>dupliciter</strong></span> <span class='ocrx_word' id='word_1_279' title='bbox 926 3649 1035 3704; x_wconf 88' lang='lat' dir='ltr'><strong>tamen</strong></span> <span class='ocrx_word' id='word_1_280' title='bbox 1065 3640 1241 3725; x_wconf 88' lang='lat' dir='ltr'><strong>accipitur,</strong></span> <span class='ocrx_word' id='word_1_281' title='bbox 1272 3640 1348 3726; x_wconf 91' lang='lat' dir='ltr'><strong>quia</strong></span> <span class='ocrx_word' id='word_1_282' title='bbox 1379 3637 1550 3725; x_wconf 86' lang='lat' dir='ltr'><strong>dupliciter</strong></span> <span class='ocrx_word' id='word_1_283' title='bbox 1579 3642 1687 3706; x_wconf 86' lang='lat' dir='ltr'><strong>currit</strong></span> <span class='ocrx_word' id='word_1_284' title='bbox 1729 3639 1847 3726; x_wconf 86' lang='lat' dir='ltr'><strong>Aliqua</strong></span> <span class='ocrx_word' id='word_1_285' title='bbox 1869 3642 1954 3705; x_wconf 90' lang='lat' dir='ltr'><strong>enim</strong></span> <span class='ocrx_word' id='word_1_286' title='bbox 1976 3661 2054 3725; x_wconf 88' lang='lat' dir='ltr'><strong>pars</strong></span> <span class='ocrx_word' id='word_1_287' title='bbox 2077 3640 2146 3703; x_wconf 86' lang='lat' dir='ltr'><strong>eius</strong></span> <span class='ocrx_word' id='word_1_288' title='bbox 2171 3638 2270 3704; x_wconf 89' lang='lat' dir='ltr'><strong>currit</strong></span> 
     </span>
     <span class='ocr_line' id='line_1_26' title="bbox 604 3752 2271 3840; baseline -0.003 -17"><span class='ocrx_word' id='word_1_289' title='bbox 604 3769 715 3823; x_wconf 86' lang='lat' dir='ltr'><strong>contra</strong></span> <span class='ocrx_word' id='word_1_290' title='bbox 736 3755 922 3820; x_wconf 86' lang='lat' dir='ltr'><strong>orientalem</strong></span> <span class='ocrx_word' id='word_1_291' title='bbox 944 3754 986 3819; x_wconf 89' lang='lat' dir='ltr'><strong>ad</strong></span> <span class='ocrx_word' id='word_1_292' title='bbox 1008 3777 1096 3818; x_wconf 87' lang='lat' dir='ltr'><strong>mare</strong></span> <span class='ocrx_word' id='word_1_293' title='bbox 1118 3752 1258 3836; x_wconf 85' lang='lat' dir='ltr'><strong>Galilec,</strong></span> <span class='ocrx_word' id='word_1_294' title='bbox 1289 3753 1399 3840; x_wconf 85' lang='lat' dir='ltr'><strong>aliqua</strong></span> <span class='ocrx_word' id='word_1_295' title='bbox 1431 3757 1532 3819; x_wconf 91' lang='lat' dir='ltr'><strong>currit</strong></span> <span class='ocrx_word' id='word_1_296' title='bbox 1560 3765 1673 3820; x_wconf 90' lang='lat' dir='ltr'><strong>contra</strong></span> <span class='ocrx_word' id='word_1_297' title='bbox 1705 3755 1904 3820; x_wconf 88' lang='lat' dir='ltr'><strong>occidentem</strong></span> <span class='ocrx_word' id='word_1_298' title='bbox 1932 3753 1976 3820; x_wconf 89' lang='lat' dir='ltr'><strong>ad</strong></span> <span class='ocrx_word' id='word_1_299' title='bbox 1996 3777 2086 3819; x_wconf 88' lang='lat' dir='ltr'><strong>mare</strong></span> <span class='ocrx_word' id='word_1_300' title='bbox 2107 3777 2271 3840; x_wconf 88' lang='lat' dir='ltr'><strong>magnum.</strong></span> 
     </span>
     <span class='ocr_line' id='line_1_27' title="bbox 602 3869 2273 3957; baseline -0.003 -19"><span class='ocrx_word' id='word_1_301' title='bbox 602 3873 646 3938; x_wconf 84' lang='lat' dir='ltr'><strong>Et</strong></span> <span class='ocrx_word' id='word_1_302' title='bbox 667 3873 726 3937; x_wconf 87' lang='lat' dir='ltr'><strong>hoc</strong></span> <span class='ocrx_word' id='word_1_303' title='bbox 750 3871 922 3935; x_wconf 87' lang='lat' dir='ltr'><strong>diuersitas</strong></span> <span class='ocrx_word' id='word_1_304' title='bbox 944 3893 1057 3934; x_wconf 87' lang='lat' dir='ltr'><strong>cursus</strong></span> <span class='ocrx_word' id='word_1_305' title='bbox 1079 3869 1174 3934; x_wconf 90' lang='lat' dir='ltr'><strong>huius</strong></span> <span class='ocrx_word' id='word_1_306' title='bbox 1197 3893 1238 3932; x_wconf 86' lang='lat' dir='ltr'><strong>cx</strong></span> <span class='ocrx_word' id='word_1_307' title='bbox 1260 3891 1296 3932; x_wconf 88' lang='lat' dir='ltr'><strong>eo</strong></span> <span class='ocrx_word' id='word_1_308' title='bbox 1319 3871 1470 3954; x_wconf 84' lang='lat' dir='ltr'><strong>contigit,</strong></span> <span class='ocrx_word' id='word_1_309' title='bbox 1503 3871 1590 3957; x_wconf 90' lang='lat' dir='ltr'><strong>quod</strong></span> <span class='ocrx_word' id='word_1_310' title='bbox 1617 3895 1706 3936; x_wconf 90' lang='lat' dir='ltr'><strong>mons</strong></span> <span class='ocrx_word' id='word_1_311' title='bbox 1729 3870 1840 3936; x_wconf 81' lang='lat' dir='ltr'><strong>Tabor</strong></span> <span class='ocrx_word' id='word_1_312' title='bbox 1862 3882 1894 3936; x_wconf 89' lang='lat' dir='ltr'><strong>et</strong></span> <span class='ocrx_word' id='word_1_313' title='bbox 1915 3893 2006 3934; x_wconf 74' lang='lat' dir='ltr'><strong>ulons</strong></span> <span class='ocrx_word' id='word_1_314' title='bbox 2030 3869 2192 3949; x_wconf 88' lang='lat' dir='ltr'><strong>[Hermon]</strong></span> <span class='ocrx_word' id='word_1_315' title='bbox 2205 3872 2273 3949; x_wconf 82' lang='grc'><strong>000),</strong></span> 
     </span>
     <span class='ocr_line' id='line_1_28' title="bbox 603 3984 2275 4072; baseline -0.004 -18"><span class='ocrx_word' id='word_1_316' title='bbox 603 4011 674 4054; x_wconf 90' lang='lat' dir='ltr'><strong>cum</strong></span> <span class='ocrx_word' id='word_1_317' title='bbox 703 4009 766 4052; x_wconf 89' lang='lat' dir='ltr'><strong>non</strong></span> <span class='ocrx_word' id='word_1_318' title='bbox 798 3986 892 4072; x_wconf 81' lang='lat' dir='ltr'><strong>longe</strong></span> <span class='ocrx_word' id='word_1_319' title='bbox 912 3985 1032 4050; x_wconf 89' lang='lat' dir='ltr'><strong>distent</strong></span> <span class='ocrx_word' id='word_1_320' title='bbox 1062 3984 1104 4049; x_wconf 87' lang='lat' dir='ltr'><strong>ab</strong></span> <span class='ocrx_word' id='word_1_321' title='bbox 1126 3985 1279 4066; x_wconf 86' lang='lat' dir='ltr'><strong>inuicem,</strong></span> <span class='ocrx_word' id='word_1_322' title='bbox 1312 3987 1535 4049; x_wconf 90' lang='lat' dir='ltr'><strong>transmittunt</strong></span> <span class='ocrx_word' id='word_1_323' title='bbox 1564 3987 1605 4051; x_wconf 88' lang='lat' dir='ltr'><strong>ad</strong></span> <span class='ocrx_word' id='word_1_324' title='bbox 1628 4011 1663 4051; x_wconf 83' lang='lat' dir='ltr'><strong>sc</strong></span> <span class='ocrx_word' id='word_1_325' title='bbox 1683 3989 1821 4052; x_wconf 89' lang='lat' dir='ltr'><strong>inuicem</strong></span> <span class='ocrx_word' id='word_1_326' title='bbox 1848 3998 2005 4052; x_wconf 88' lang='lat' dir='ltr'><strong>tumorem</strong></span> <span class='ocrx_word' id='word_1_327' title='bbox 2029 3985 2207 4072; x_wconf 87' lang='lat' dir='ltr'><strong>quendam,</strong></span> <span class='ocrx_word' id='word_1_328' title='bbox 2241 3998 2275 4048; x_wconf 91' lang='lat' dir='ltr'><strong>ut</strong></span> 
     </span>
     <span class='ocr_line' id='line_1_29' title="bbox 528 4099 2273 4198; baseline -0.004 -28"><span class='ocrx_word' id='word_1_329' title='bbox 528 4189 530 4198; x_wconf 21' lang='lat' dir='ltr'>y</span> <span class='ocrx_word' id='word_1_330' title='bbox 604 4104 775 4170; x_wconf 88' lang='lat' dir='ltr'><strong>uideantur</strong></span> <span class='ocrx_word' id='word_1_331' title='bbox 803 4105 895 4190; x_wconf 87' lang='lat' dir='ltr'><strong>quasi</strong></span> <span class='ocrx_word' id='word_1_332' title='bbox 923 4101 1103 4166; x_wconf 90' lang='lat' dir='ltr'><strong>continuari</strong></span> <span class='ocrx_word' id='word_1_333' title='bbox 1132 4103 1165 4164; x_wconf 92' lang='lat' dir='ltr'><strong>in</strong></span> <span class='ocrx_word' id='word_1_334' title='bbox 1195 4099 1278 4186; x_wconf 91' lang='lat' dir='ltr'><strong>pede</strong></span> <span class='ocrx_word' id='word_1_335' title='bbox 1305 4103 1423 4164; x_wconf 86' lang='lat' dir='ltr'><strong>montis</strong></span> <span class='ocrx_word' id='word_1_336' title='bbox 1451 4103 1625 4189; x_wconf 91' lang='lat' dir='ltr'><strong>utriusque.</strong></span> <span class='ocrx_word' id='word_1_337' title='bbox 1668 4103 1764 4183; x_wconf 63' lang='lat' dir='ltr'><strong>Quia</strong></span> <span class='ocrx_word' id='word_1_338' title='bbox 1794 4115 1899 4167; x_wconf 89' lang='lat' dir='ltr'><strong>tumor</strong></span> <span class='ocrx_word' id='word_1_339' title='bbox 1920 4103 2023 4166; x_wconf 89' lang='lat' dir='ltr'><strong>maior</strong></span> <span class='ocrx_word' id='word_1_340' title='bbox 2046 4113 2158 4164; x_wconf 85' lang='lat' dir='ltr'><strong>estex</strong></span> <span class='ocrx_word' id='word_1_341' title='bbox 2180 4113 2273 4188; x_wconf 88' lang='lat' dir='ltr'><strong>parte</strong></span> 
     </span>
    </p>
   </div>
   <div class='ocr_carea' id='block_1_7' title="bbox 670 4261 1736 4336">
    <p class='ocr_par' dir='ltr' id='par_1_12' title="bbox 670 4261 1736 4336">
     <span class='ocr_line' id='line_1_30' title="bbox 670 4261 1736 4336; baseline 0 -14"><span class='ocrx_word' id='word_1_342' title='bbox 670 4271 697 4335; x_wconf 88' lang='lat' dir='ltr'><strong>a)</strong></span> <span class='ocrx_word' id='word_1_343' title='bbox 716 4269 745 4322; x_wconf 84' lang='lat' dir='ltr'><strong>io</strong></span> <span class='ocrx_word' id='word_1_344' title='bbox 762 4273 850 4322; x_wconf 81' lang='lat' dir='ltr'><strong>monte</strong></span> <span class='ocrx_word' id='word_1_345' title='bbox 867 4267 922 4320; x_wconf 82' lang='lat' dir='ltr'><strong>sito</strong></span> <span class='ocrx_word' id='word_1_346' title='bbox 940 4283 991 4319; x_wconf 88' lang='lat' dir='ltr'><strong>om.</strong></span> <span class='ocrx_word' id='word_1_347' title='bbox 1012 4263 1052 4320; x_wconf 84' lang='lat' dir='ltr'><strong>St.</strong></span> <span class='ocrx_word' id='word_1_348' title='bbox 1072 4294 1103 4304; x_wconf 91' lang='lat'>—</span> <span class='ocrx_word' id='word_1_349' title='bbox 1120 4263 1149 4332; x_wconf 91' lang='lat' dir='ltr'><strong>b)</strong></span> <span class='ocrx_word' id='word_1_350' title='bbox 1167 4263 1335 4318; x_wconf 73' lang='lat' dir='ltr'><strong>bernerium</strong></span> <span class='ocrx_word' id='word_1_351' title='bbox 1353 4261 1394 4317; x_wconf 87' lang='lat' dir='ltr'><strong>St.</strong></span> <span class='ocrx_word' id='word_1_352' title='bbox 1410 4293 1444 4302; x_wconf 92' lang='lat'><em>-</em></span> <span class='ocrx_word' id='word_1_353' title='bbox 1461 4267 1488 4336; x_wconf 92' lang='lat' dir='ltr'><strong>c)</strong></span> <span class='ocrx_word' id='word_1_354' title='bbox 1506 4267 1571 4331; x_wconf 78' lang='lat' dir='ltr'><strong>quio</strong></span> <span class='ocrx_word' id='word_1_355' title='bbox 1587 4265 1626 4320; x_wconf 85' lang='lat' dir='ltr'><strong>St.</strong></span> <span class='ocrx_word' id='word_1_356' title='bbox 1646 4267 1694 4332; x_wconf 75' lang='lat' dir='ltr'><strong>qai</strong></span> <span class='ocrx_word' id='word_1_357' title='bbox 1709 4265 1736 4322; x_wconf 90' lang='grc'><strong>6.</strong></span> 
     </span>
    </p>
   </div>
   <div class='ocr_carea' id='block_1_8' title="bbox 664 4417 2053 4613">
    <p class='ocr_par' dir='ltr' id='par_1_13' title="bbox 664 4417 2053 4613">
     <span class='ocr_line' id='line_1_31' title="bbox 666 4417 2053 4496; baseline -0.004 -13"><span class='ocrx_word' id='word_1_358' title='bbox 666 4426 737 4496; x_wconf 81' lang='grc'>297)</span> <span class='ocrx_word' id='word_1_359' title='bbox 760 4419 908 4496; x_wconf 68' lang='lat' dir='ltr'><strong>ursionem}</strong></span> <span class='ocrx_word' id='word_1_360' title='bbox 931 4417 967 4480; x_wconf 86' lang='lat' dir='ltr'><strong>V.</strong></span> <span class='ocrx_word' id='word_1_361' title='bbox 989 4417 1091 4476; x_wconf 88' lang='lat' dir='ltr'><strong>Mattb.</strong></span> <span class='ocrx_word' id='word_1_362' title='bbox 1112 4417 1217 4476; x_wconf 88' lang='lat' dir='ltr'>XVII.</span> <span class='ocrx_word' id='word_1_363' title='bbox 1239 4423 1266 4478; x_wconf 88' lang='grc'><strong>9.</strong></span> <span class='ocrx_word' id='word_1_364' title='bbox 1522 4423 1593 4492; x_wconf 81' lang='grc'>304)</span> <span class='ocrx_word' id='word_1_365' title='bbox 1615 4421 1645 4478; x_wconf 84' lang='lat' dir='ltr'><strong>in</strong></span> <span class='ocrx_word' id='word_1_366' title='bbox 1660 4421 1788 4496; x_wconf 78' lang='lat' dir='ltr'><strong>psolruol</strong></span> <span class='ocrx_word' id='word_1_367' title='bbox 1811 4425 1849 4482; x_wconf 84' lang='grc'>82</span> <span class='ocrx_word' id='word_1_368' title='bbox 1871 4422 1936 4491; x_wconf 84' lang='grc'>(63)</span> <span class='ocrx_word' id='word_1_369' title='bbox 1956 4441 1984 4479; x_wconf 87' lang='lat' dir='ltr'><strong>v.</strong></span> <span class='ocrx_word' id='word_1_370' title='bbox 2009 4425 2053 4479; x_wconf 91' lang='grc'><strong>11.</strong></span> 
     </span>
     <span class='ocr_line' id='line_1_32' title="bbox 664 4515 2052 4613; baseline -0.006 -32"><span class='ocrx_word' id='word_1_371' title='bbox 664 4523 735 4590; x_wconf 82' lang='grc'>298)</span> <span class='ocrx_word' id='word_1_372' title='bbox 757 4521 796 4576; x_wconf 84' lang='lat' dir='ltr'><strong>In</strong></span> <span class='ocrx_word' id='word_1_373' title='bbox 820 4521 897 4595; x_wconf 82' lang='lat' dir='ltr'><strong>pede</strong></span> <span class='ocrx_word' id='word_1_374' title='bbox 923 4519 984 4576; x_wconf 83' lang='lat' dir='ltr'><strong>eius</strong></span> <span class='ocrx_word' id='word_1_375' title='bbox 1006 4516 1153 4592; x_wconf 76' lang='lat' dir='ltr'><strong>orientale]</strong></span> <span class='ocrx_word' id='word_1_376' title='bbox 1185 4515 1221 4575; x_wconf 86' lang='lat' dir='ltr'><strong>V.</strong></span> <span class='ocrx_word' id='word_1_377' title='bbox 1243 4515 1337 4574; x_wconf 86' lang='lat' dir='ltr'><strong>Rittcr</strong></span> <span class='ocrx_word' id='word_1_378' title='bbox 1356 4515 1418 4574; x_wconf 88' lang='lat' dir='ltr'><strong>XV</strong></span> <span class='ocrx_word' id='word_1_379' title='bbox 1523 4539 1595 4608; x_wconf 79' lang='lat'>305)</span> <span class='ocrx_word' id='word_1_380' title='bbox 1614 4536 1715 4611; x_wconf 55' lang='lat' dir='ltr'><em>primo</em></span> <span class='ocrx_word' id='word_1_381' title='bbox 1736 4535 1857 4611; x_wconf 58' lang='lat' dir='ltr'><strong>Qum]</strong></span> <span class='ocrx_word' id='word_1_382' title='bbox 1879 4540 1927 4606; x_wconf 60' lang='lat'><strong>23¹</strong></span> <span class='ocrx_word' id='word_1_383' title='bbox 1951 4541 1966 4594; x_wconf 78' lang='lat'>7</span> <span class='ocrx_word' id='word_1_384' title='bbox 1990 4555 2052 4613; x_wconf 47' lang='lat' dir='ltr'>sqq,</span> 
     </span>
    </p>
   </div>
   <div class='ocr_carea' id='block_1_9' title="bbox 602 4623 2275 4827">
    <p class='ocr_par' dir='ltr' id='par_1_14' title="bbox 602 4623 2275 4827">
     <span class='ocr_line' id='line_1_33' title="bbox 602 4623 2275 4728; baseline 0.002 -25"><span class='ocrx_word' id='word_1_385' title='bbox 602 4623 655 4694; x_wconf 75' lang='grc'>(01·</span> <span class='ocrx_word' id='word_1_386' title='bbox 678 4623 746 4680; x_wconf 72' lang='lat'><strong>39²·</strong></span> <span class='ocrx_word' id='word_1_387' title='bbox 1120 4715 1126 4728; x_wconf 41' lang='grc' dir='ltr'>Ι</span> <span class='ocrx_word' id='word_1_388' title='bbox 1524 4653 1595 4722; x_wconf 85' lang='grc'>306)</span> <span class='ocrx_word' id='word_1_389' title='bbox 1616 4653 1750 4708; x_wconf 74' lang='lat' dir='ltr'><strong>Heraion</strong></span> <span class='ocrx_word' id='word_1_390' title='bbox 1778 4651 1882 4725; x_wconf 74' lang='lat' dir='ltr'><strong>minor]</strong></span> <span class='ocrx_word' id='word_1_391' title='bbox 1914 4670 1993 4708; x_wconf 89' lang='lat' dir='ltr'><strong>nunc</strong></span> <span class='ocrx_word' id='word_1_392' title='bbox 2019 4647 2168 4708; x_wconf 85' lang='lat' dir='ltr'><strong>Dsclsebel</strong></span> <span class='ocrx_word' id='word_1_393' title='bbox 2188 4646 2275 4707; x_wconf 77' lang='lat' dir='ltr'><strong>Dab‘a</strong></span> 
     </span>
     <span class='ocr_line' id='line_1_34' title="bbox 664 4711 2034 4827; baseline 0.004 -54"><span class='ocrx_word' id='word_1_394' title='bbox 664 4722 736 4791; x_wconf 79' lang='grc'>299)</span> <span class='ocrx_word' id='word_1_395' title='bbox 757 4718 787 4774; x_wconf 82' lang='lat' dir='ltr'><strong>ia</strong></span> <span class='ocrx_word' id='word_1_396' title='bbox 809 4735 865 4794; x_wconf 78' lang='lat' dir='ltr'><strong>quo</strong></span> <span class='ocrx_word' id='word_1_397' title='bbox 880 4715 1012 4790; x_wconf 78' lang='lat' dir='ltr'><strong>Baracb]</strong></span> <span class='ocrx_word' id='word_1_398' title='bbox 1035 4713 1072 4772; x_wconf 90' lang='lat' dir='ltr'><strong>V.</strong></span> <span class='ocrx_word' id='word_1_399' title='bbox 1090 4713 1184 4772; x_wconf 84' lang='lat' dir='ltr'><strong>Rtttcr</strong></span> <span class='ocrx_word' id='word_1_400' title='bbox 1200 4711 1260 4770; x_wconf 87' lang='lat' dir='ltr'><strong>XV</strong></span> <span class='ocrx_word' id='word_1_401' title='bbox 1276 4714 1328 4784; x_wconf 87' lang='lat'>(1).</span> <span class='ocrx_word' id='word_1_402' title='bbox 1349 4715 1418 4773; x_wconf 80' lang='grc'>247.</span> <span class='ocrx_word' id='word_1_403' title='bbox 1461 4747 1496 4810; x_wconf 70' lang='lat' dir='ltr'><strong>V⁸</strong></span> <span class='ocrx_word' id='word_1_404' title='bbox 1516 4769 1574 4808; x_wconf 61' lang='lat' dir='ltr'><em>m</em></span> <span class='ocrx_word' id='word_1_405' title='bbox 1595 4748 1632 4808; x_wconf 59' lang='lat' dir='ltr'><strong>de</strong></span> <span class='ocrx_word' id='word_1_406' title='bbox 1657 4749 1749 4808; x_wconf 52' lang='grc' dir='ltr'><strong>ΜΕ</strong></span> <span class='ocrx_word' id='word_1_407' title='bbox 1771 4749 1895 4808; x_wconf 57' lang='lat' dir='ltr'><strong>Memoir</strong></span> <span class='ocrx_word' id='word_1_408' title='bbox 1914 4768 1942 4827; x_wconf 44' lang='lat' dir='ltr'><strong>p·</strong></span> <span class='ocrx_word' id='word_1_409' title='bbox 1966 4752 2034 4808; x_wconf 37' lang='lat'><strong>321·</strong></span> 
     </span>
    </p>
   </div>
   <div class='ocr_carea' id='block_1_10' title="bbox 603 4810 1952 5187">
    <p class='ocr_par' dir='ltr' id='par_1_15' title="bbox 603 4810 1952 5187">
     <span class='ocr_line' id='line_1_35' title="bbox 665 4810 1419 4888; baseline -0.011 -10"><span class='ocrx_word' id='word_1_410' title='bbox 665 4821 736 4888; x_wconf 91' lang='grc'>300)</span> <span class='ocrx_word' id='word_1_411' title='bbox 761 4819 893 4874; x_wconf 79' lang='lat' dir='ltr'><strong>Terrena</strong></span> <span class='ocrx_word' id='word_1_412' title='bbox 916 4815 969 4873; x_wconf 81' lang='lat' dir='ltr'><strong>iste</strong></span> <span class='ocrx_word' id='word_1_413' title='bbox 995 4813 1091 4888; x_wconf 77' lang='lat' dir='ltr'><strong>Cissa]</strong></span> <span class='ocrx_word' id='word_1_414' title='bbox 1111 4811 1244 4871; x_wconf 87' lang='lat' dir='ltr'><strong>Kiscbon</strong></span> <span class='ocrx_word' id='word_1_415' title='bbox 1266 4810 1419 4870; x_wconf 87' lang='lat' dir='ltr'><strong>Hebraeo·</strong></span> 
     </span>
     <span class='ocr_line' id='line_1_36' title="bbox 603 4909 1419 4987; baseline -0.009 -13"><span class='ocrx_word' id='word_1_416' title='bbox 603 4935 681 4987; x_wconf 85' lang='lat' dir='ltr'><strong>rum,</strong></span> <span class='ocrx_word' id='word_1_417' title='bbox 703 4935 803 4974; x_wconf 81' lang='lat' dir='ltr'><strong>reeens</strong></span> <span class='ocrx_word' id='word_1_418' title='bbox 826 4914 956 4984; x_wconf 67' lang='lat' dir='ltr'><strong>Keisdm</strong></span> <span class='ocrx_word' id='word_1_419' title='bbox 982 4933 1006 4972; x_wconf 89' lang='lat' dir='ltr'><strong>s.</strong></span> <span class='ocrx_word' id='word_1_420' title='bbox 1028 4911 1112 4970; x_wconf 87' lang='lat' dir='ltr'><strong>Nahr</strong></span> <span class='ocrx_word' id='word_1_421' title='bbox 1132 4909 1324 4970; x_wconf 88' lang='lat' dir='ltr'><strong>el-Mscbatta</strong></span> <span class='ocrx_word' id='word_1_422' title='bbox 1344 4909 1419 4982; x_wconf 87' lang='lat' dir='ltr'><strong>(Ma-</strong></span> 
     </span>
     <span class='ocr_line' id='line_1_37' title="bbox 603 5007 1419 5091; baseline -0.005 -19"><span class='ocrx_word' id='word_1_423' title='bbox 603 5012 697 5088; x_wconf 85' lang='lat' dir='ltr'><strong>katta)</strong></span> <span class='ocrx_word' id='word_1_424' title='bbox 714 5012 755 5091; x_wconf 54' lang='lat' dir='ltr'><strong>I·</strong></span> <span class='ocrx_word' id='word_1_425' title='bbox 779 5033 836 5071; x_wconf 89' lang='lat' dir='ltr'><strong>van</strong></span> <span class='ocrx_word' id='word_1_426' title='bbox 859 5010 895 5070; x_wconf 89' lang='lat' dir='ltr'><strong>de</strong></span> <span class='ocrx_word' id='word_1_427' title='bbox 913 5009 1008 5070; x_wconf 79' lang='lat' dir='ltr'><strong>Valde</strong></span> <span class='ocrx_word' id='word_1_428' title='bbox 1029 5010 1153 5069; x_wconf 88' lang='lat' dir='ltr'><strong>Memoir</strong></span> <span class='ocrx_word' id='word_1_429' title='bbox 1173 5029 1202 5088; x_wconf 87' lang='lat' dir='ltr'><strong>p.</strong></span> <span class='ocrx_word' id='word_1_430' title='bbox 1226 5013 1299 5078; x_wconf 90' lang='grc'>329,</span> <span class='ocrx_word' id='word_1_431' title='bbox 1324 5007 1419 5068; x_wconf 86' lang='lat' dir='ltr'><strong>Ritter</strong></span> 
     </span>
     <span class='ocr_line' id='line_1_38' title="bbox 603 5085 1952 5187; baseline -0.008 -17"><span class='ocrx_word' id='word_1_432' title='bbox 603 5111 739 5186; x_wconf 75' lang='grc'>111111).</span> <span class='ocrx_word' id='word_1_433' title='bbox 764 5119 808 5172; x_wconf 84' lang='lat' dir='ltr'><strong>te.</strong></span> <span class='ocrx_word' id='word_1_434' title='bbox 833 5113 901 5181; x_wconf 91' lang='grc'>296,</span> <span class='ocrx_word' id='word_1_435' title='bbox 922 5131 949 5170; x_wconf 78' lang='lat' dir='ltr'><strong>v.</strong></span> <span class='ocrx_word' id='word_1_436' title='bbox 973 5109 1102 5168; x_wconf 85' lang='lat' dir='ltr'><strong>Raumer</strong></span> <span class='ocrx_word' id='word_1_437' title='bbox 1123 5129 1151 5187; x_wconf 89' lang='lat' dir='ltr'><strong>p.</strong></span> <span class='ocrx_word' id='word_1_438' title='bbox 1174 5113 1221 5168; x_wconf 79' lang='lat' dir='ltr'><strong>ts.</strong></span> <span class='ocrx_word' id='word_1_439' title='bbox 1522 5089 1594 5159; x_wconf 77' lang='lat'><strong>3⁰⁸)</strong></span> <span class='ocrx_word' id='word_1_440' title='bbox 1615 5086 1737 5162; x_wconf 68' lang='grc'>10090001</span> <span class='ocrx_word' id='word_1_441' title='bbox 1759 5085 1883 5148; x_wconf 71' lang='lat' dir='ltr'><strong>XVIII·</strong></span> <span class='ocrx_word' id='word_1_442' title='bbox 1906 5093 1952 5147; x_wconf 79' lang='grc'>40·</span> 
     </span>
    </p>
   </div>
   <div class='ocr_carea' id='block_1_11' title="bbox 1460 4861 2274 5042">
    <p class='ocr_par' dir='ltr' id='par_1_16' title="bbox 1460 4861 2274 5042">
     <span class='ocr_line' id='line_1_39' title="bbox 1522 4861 2274 4942; baseline -0.007 -17"><span class='ocrx_word' id='word_1_443' title='bbox 1522 4869 1593 4938; x_wconf 86' lang='grc'>307)</span> <span class='ocrx_word' id='word_1_444' title='bbox 1615 4865 1723 4941; x_wconf 73' lang='lat' dir='ltr'><strong>Noyml</strong></span> <span class='ocrx_word' id='word_1_445' title='bbox 1745 4865 1842 4942; x_wconf 82' lang='lat' dir='ltr'><strong>Natu,</strong></span> <span class='ocrx_word' id='word_1_446' title='bbox 1862 4885 1939 4923; x_wconf 87' lang='lat' dir='ltr'><strong>nuuc</strong></span> <span class='ocrx_word' id='word_1_447' title='bbox 1961 4863 2049 4923; x_wconf 87' lang='lat' dir='ltr'><strong>Nsiu.</strong></span> <span class='ocrx_word' id='word_1_448' title='bbox 2091 4861 2128 4922; x_wconf 91' lang='lat' dir='ltr'><strong>V.</strong></span> <span class='ocrx_word' id='word_1_449' title='bbox 2146 4884 2174 4924; x_wconf 81' lang='lat' dir='ltr'><strong>v,</strong></span> <span class='ocrx_word' id='word_1_450' title='bbox 2198 4861 2274 4920; x_wconf 83' lang='lat' dir='ltr'><strong>Rau·</strong></span> 
     </span>
     <span class='ocr_line' id='line_1_40' title="bbox 1460 4961 2201 5042; baseline 0 -21"><span class='ocrx_word' id='word_1_451' title='bbox 1460 4984 1519 5022; x_wconf 89' lang='lat' dir='ltr'><strong>mer</strong></span> <span class='ocrx_word' id='word_1_452' title='bbox 1541 4985 1560 5042; x_wconf 91' lang='lat' dir='ltr'><strong>p</strong></span> <span class='ocrx_word' id='word_1_453' title='bbox 1596 4969 1662 5038; x_wconf 90' lang='grc'>119,</span> <span class='ocrx_word' id='word_1_454' title='bbox 1684 4983 1741 5023; x_wconf 85' lang='lat' dir='ltr'><strong>van</strong></span> <span class='ocrx_word' id='word_1_455' title='bbox 1764 4962 1801 5022; x_wconf 86' lang='lat' dir='ltr'><strong>dc</strong></span> <span class='ocrx_word' id='word_1_456' title='bbox 1822 4962 1917 5022; x_wconf 74' lang='lat' dir='ltr'><strong>Valde</strong></span> <span class='ocrx_word' id='word_1_457' title='bbox 1938 4961 2061 5021; x_wconf 83' lang='lat' dir='ltr'><strong>Memoir</strong></span> <span class='ocrx_word' id='word_1_458' title='bbox 2081 4984 2110 5041; x_wconf 82' lang='lat' dir='ltr'><strong>p.</strong></span> <span class='ocrx_word' id='word_1_459' title='bbox 2132 4966 2201 5023; x_wconf 87' lang='grc'>336.</span> 
     </span>
    </p>
   </div>
   <div class='ocr_carea' id='block_1_12' title="bbox 603 5205 2298 6074">
    <p class='ocr_par' dir='ltr' id='par_1_17' title="bbox 603 5205 2277 5480">
     <span class='ocr_line' id='line_1_41' title="bbox 667 5205 2275 5283; baseline -0.002 -14"><span class='ocrx_word' id='word_1_460' title='bbox 667 5213 737 5280; x_wconf 73' lang='grc'>301)</span> <span class='ocrx_word' id='word_1_461' title='bbox 766 5209 914 5266; x_wconf 81' lang='lat' dir='ltr'><strong>descendit</strong></span> <span class='ocrx_word' id='word_1_462' title='bbox 943 5239 981 5250; x_wconf 93' lang='lat'><em>-</em></span> <span class='ocrx_word' id='word_1_463' title='bbox 1011 5215 1038 5264; x_wconf 82' lang='lat' dir='ltr'><strong>et</strong></span> <span class='ocrx_word' id='word_1_464' title='bbox 1060 5208 1155 5264; x_wconf 83' lang='lat' dir='ltr'><strong>intrat</strong></span> <span class='ocrx_word' id='word_1_465' title='bbox 1177 5205 1261 5280; x_wconf 84' lang='lat' dir='ltr'><strong>illud]</strong></span> <span class='ocrx_word' id='word_1_466' title='bbox 1289 5205 1419 5274; x_wconf 84' lang='lat' dir='ltr'><strong>Minime,</strong></span> <span class='ocrx_word' id='word_1_467' title='bbox 1523 5212 1596 5281; x_wconf 83' lang='grc'>309)</span> <span class='ocrx_word' id='word_1_468' title='bbox 1616 5217 1644 5266; x_wconf 84' lang='lat' dir='ltr'><strong>et</strong></span> <span class='ocrx_word' id='word_1_469' title='bbox 1663 5227 1745 5265; x_wconf 82' lang='lat' dir='ltr'><strong>rrroas</strong></span> <span class='ocrx_word' id='word_1_470' title='bbox 1767 5207 1918 5283; x_wconf 81' lang='lat' dir='ltr'><strong>[Hermon]</strong></span> <span class='ocrx_word' id='word_1_471' title='bbox 1941 5206 1999 5267; x_wconf 92' lang='lat' dir='ltr'><strong>Pro</strong></span> <span class='ocrx_word' id='word_1_472' title='bbox 2020 5207 2124 5266; x_wconf 84' lang='lat' dir='ltr'><strong>vocab.</strong></span> <span class='ocrx_word' id='word_1_473' title='bbox 2143 5206 2275 5266; x_wconf 85' lang='lat' dir='ltr'><strong>Hermon</strong></span> 
     </span>
     <span class='ocr_line' id='line_1_42' title="bbox 604 5303 2277 5386; baseline -0.004 -19"><span class='ocrx_word' id='word_1_474' title='bbox 604 5307 656 5368; x_wconf 85' lang='lat' dir='ltr'><strong>aad</strong></span> <span class='ocrx_word' id='word_1_475' title='bbox 685 5328 765 5366; x_wconf 84' lang='lat' dir='ltr'><strong>mere</strong></span> <span class='ocrx_word' id='word_1_476' title='bbox 787 5327 925 5384; x_wconf 84' lang='lat' dir='ltr'><strong>magnum</strong></span> <span class='ocrx_word' id='word_1_477' title='bbox 946 5307 1041 5366; x_wconf 76' lang='lat' dir='ltr'><strong>intrat</strong></span> <span class='ocrx_word' id='word_1_478' title='bbox 1084 5303 1129 5366; x_wconf 81' lang='lat' dir='ltr'><strong>cf.</strong></span> <span class='ocrx_word' id='word_1_479' title='bbox 1157 5323 1232 5384; x_wconf 88' lang='lat' dir='ltr'><strong>quae</strong></span> <span class='ocrx_word' id='word_1_480' title='bbox 1250 5303 1288 5362; x_wconf 90' lang='lat' dir='ltr'><strong>ad</strong></span> <span class='ocrx_word' id='word_1_481' title='bbox 1309 5303 1415 5364; x_wconf 72' lang='lat' dir='ltr'><strong>vtes</strong></span> <span class='ocrx_word' id='word_1_482' title='bbox 1462 5305 1647 5365; x_wconf 76' lang='lat' dir='ltr'><strong>burchardus</strong></span> <span class='ocrx_word' id='word_1_483' title='bbox 1674 5315 1725 5364; x_wconf 91' lang='lat' dir='ltr'><strong>aut</strong></span> <span class='ocrx_word' id='word_1_484' title='bbox 1752 5309 1881 5386; x_wconf 78' lang='lat' dir='ltr'><strong>scripsit,</strong></span> <span class='ocrx_word' id='word_1_485' title='bbox 1918 5318 1970 5364; x_wconf 88' lang='lat' dir='ltr'><strong>aut</strong></span> <span class='ocrx_word' id='word_1_486' title='bbox 1993 5305 2120 5365; x_wconf 87' lang='lat' dir='ltr'><strong>scribare</strong></span> <span class='ocrx_word' id='word_1_487' title='bbox 2147 5303 2277 5364; x_wconf 85' lang='lat' dir='ltr'><strong>debebat</strong></span> 
     </span>
     <span class='ocr_line' id='line_1_43' title="bbox 603 5402 2277 5480; baseline -0.001 -16"><span class='ocrx_word' id='word_1_488' title='bbox 603 5406 814 5466; x_wconf 86' lang='lat' dir='ltr'><strong>annotavimus.</strong></span> <span class='ocrx_word' id='word_1_489' title='bbox 1461 5402 1576 5463; x_wconf 87' lang='lat' dir='ltr'><strong>Gelboe</strong></span> <span class='ocrx_word' id='word_1_490' title='bbox 1606 5407 1636 5478; x_wconf 92' lang='lat' dir='ltr'><strong><em>(i.</em></strong></span> <span class='ocrx_word' id='word_1_491' title='bbox 1655 5424 1681 5463; x_wconf 89' lang='lat' dir='ltr'><strong>e.</strong></span> <span class='ocrx_word' id='word_1_492' title='bbox 1704 5403 1833 5477; x_wconf 89' lang='lat' dir='ltr'><strong>Gilboa).</strong></span> <span class='ocrx_word' id='word_1_493' title='bbox 1875 5405 2007 5464; x_wconf 85' lang='lat' dir='ltr'><strong>Hermon</strong></span> <span class='ocrx_word' id='word_1_494' title='bbox 2039 5405 2117 5464; x_wconf 86' lang='lat' dir='ltr'><strong>onim</strong></span> <span class='ocrx_word' id='word_1_495' title='bbox 2138 5415 2168 5462; x_wconf 86' lang='lat' dir='ltr'><strong>et</strong></span> <span class='ocrx_word' id='word_1_496' title='bbox 2188 5403 2277 5480; x_wconf 82' lang='lat' dir='ltr'><strong>longe</strong></span> 
     </span>
    </p>

    <p class='ocr_par' dir='ltr' id='par_1_18' title="bbox 605 5499 2298 5878">
     <span class='ocr_line' id='line_1_44' title="bbox 647 5499 2278 5584; baseline -0.001 -20"><span class='ocrx_word' id='word_1_497' title='bbox 647 5507 718 5571; x_wconf 89' lang='grc'>302)</span> <span class='ocrx_word' id='word_1_498' title='bbox 740 5503 870 5579; x_wconf 81' lang='lat' dir='ltr'><strong>Belaeir]</strong></span> <span class='ocrx_word' id='word_1_499' title='bbox 898 5502 1029 5571; x_wconf 81' lang='lat' dir='ltr'><strong>Belvoir,</strong></span> <span class='ocrx_word' id='word_1_500' title='bbox 1055 5499 1134 5582; x_wconf 90' lang='lat' dir='ltr'><strong>qued</strong></span> <span class='ocrx_word' id='word_1_501' title='bbox 1157 5499 1280 5560; x_wconf 84' lang='lat' dir='ltr'><strong>Carolus</strong></span> <span class='ocrx_word' id='word_1_502' title='bbox 1302 5521 1320 5559; x_wconf 89' lang='lat' dir='ltr'><strong>a</strong></span> <span class='ocrx_word' id='word_1_503' title='bbox 1341 5500 1420 5560; x_wconf 84' lang='lat' dir='ltr'><strong>Ran-</strong></span> <span class='ocrx_word' id='word_1_504' title='bbox 1460 5501 1550 5562; x_wconf 86' lang='lat' dir='ltr'><strong>distat</strong></span> <span class='ocrx_word' id='word_1_505' title='bbox 1577 5522 1596 5560; x_wconf 90' lang='lat' dir='ltr'><strong>a</strong></span> <span class='ocrx_word' id='word_1_506' title='bbox 1615 5515 1715 5562; x_wconf 82' lang='lat' dir='ltr'><strong>monto</strong></span> <span class='ocrx_word' id='word_1_507' title='bbox 1736 5503 1852 5576; x_wconf 81' lang='lat' dir='ltr'><strong>Tabor,</strong></span> <span class='ocrx_word' id='word_1_508' title='bbox 1884 5524 1979 5584; x_wconf 84' lang='lat' dir='ltr'><strong>neque</strong></span> <span class='ocrx_word' id='word_1_509' title='bbox 2001 5503 2180 5562; x_wconf 85' lang='lat' dir='ltr'><strong>Hermonem</strong></span> <span class='ocrx_word' id='word_1_510' title='bbox 2201 5503 2278 5562; x_wconf 82' lang='lat' dir='ltr'><strong>inter</strong></span> 
     </span>
     <span class='ocr_line' id='line_1_45' title="bbox 605 5598 2277 5672; baseline -0.002 -10"><span class='ocrx_word' id='word_1_511' title='bbox 605 5598 1169 5672; x_wconf 81' lang='lat' dir='ltr'><strong>mercum1·econteKafrel·Kamah,</strong></span> <span class='ocrx_word' id='word_1_512' title='bbox 1191 5599 1321 5658; x_wconf 77' lang='lat' dir='ltr'><strong>ellicum</strong></span> <span class='ocrx_word' id='word_1_513' title='bbox 1335 5599 1419 5658; x_wconf 85' lang='lat' dir='ltr'><strong>Kan·</strong></span> <span class='ocrx_word' id='word_1_514' title='bbox 1460 5611 1491 5660; x_wconf 88' lang='lat' dir='ltr'><strong>et</strong></span> <span class='ocrx_word' id='word_1_515' title='bbox 1518 5601 1667 5660; x_wconf 85' lang='lat' dir='ltr'><strong>Taboram</strong></span> <span class='ocrx_word' id='word_1_516' title='bbox 1695 5603 1846 5662; x_wconf 86' lang='lat' dir='ltr'><strong>interiacet</strong></span> <span class='ocrx_word' id='word_1_517' title='bbox 1872 5603 2007 5663; x_wconf 82' lang='lat' dir='ltr'><strong>Hermon</strong></span> <span class='ocrx_word' id='word_1_518' title='bbox 2034 5603 2129 5660; x_wconf 89' lang='lat' dir='ltr'><strong>minor</strong></span> <span class='ocrx_word' id='word_1_519' title='bbox 2156 5623 2180 5660; x_wconf 90' lang='lat' dir='ltr'><strong>s.</strong></span> <span class='ocrx_word' id='word_1_520' title='bbox 2200 5600 2277 5659; x_wconf 85' lang='lat' dir='ltr'><strong>Her·</strong></span> 
     </span>
     <span class='ocr_line' id='line_1_46' title="bbox 605 5697 2277 5780; baseline -0.001 -21"><span class='ocrx_word' id='word_1_521' title='bbox 605 5699 665 5760; x_wconf 82' lang='lat' dir='ltr'><strong>kab</strong></span> <span class='ocrx_word' id='word_1_522' title='bbox 683 5698 820 5758; x_wconf 86' lang='lat' dir='ltr'><strong>el·Hawa</strong></span> <span class='ocrx_word' id='word_1_523' title='bbox 833 5710 1017 5778; x_wconf 85' lang='lat' dir='ltr'><strong>componunt.</strong></span> <span class='ocrx_word' id='word_1_524' title='bbox 1040 5697 1079 5759; x_wconf 91' lang='lat' dir='ltr'><strong>V.</strong></span> <span class='ocrx_word' id='word_1_525' title='bbox 1090 5719 1148 5756; x_wconf 82' lang='lat' dir='ltr'><strong>von</strong></span> <span class='ocrx_word' id='word_1_526' title='bbox 1160 5697 1290 5756; x_wconf 85' lang='lat' dir='ltr'><strong>Raumar</strong></span> <span class='ocrx_word' id='word_1_527' title='bbox 1305 5718 1335 5776; x_wconf 87' lang='lat' dir='ltr'><strong>p.</strong></span> <span class='ocrx_word' id='word_1_528' title='bbox 1352 5701 1418 5769; x_wconf 83' lang='lat'>108,</span> <span class='ocrx_word' id='word_1_529' title='bbox 1459 5701 1602 5774; x_wconf 84' lang='lat' dir='ltr'><strong>monium,</strong></span> <span class='ocrx_word' id='word_1_530' title='bbox 1632 5712 1664 5757; x_wconf 91' lang='lat' dir='ltr'><strong>ut</strong></span> <span class='ocrx_word' id='word_1_531' title='bbox 1690 5701 1721 5759; x_wconf 89' lang='lat' dir='ltr'><strong>in</strong></span> <span class='ocrx_word' id='word_1_532' title='bbox 1747 5701 1936 5780; x_wconf 86' lang='lat' dir='ltr'><strong>sequentibus</strong></span> <span class='ocrx_word' id='word_1_533' title='bbox 1965 5699 2053 5760; x_wconf 89' lang='lat' dir='ltr'><strong>tradit</strong></span> <span class='ocrx_word' id='word_1_534' title='bbox 2080 5702 2217 5779; x_wconf 65' lang='lat' dir='ltr'><strong>scriptam</strong></span> <span class='ocrx_word' id='word_1_535' title='bbox 2245 5698 2277 5758; x_wconf 88' lang='lat' dir='ltr'><strong>id</strong></span> 
     </span>
     <span class='ocr_line' id='line_1_47' title="bbox 605 5787 2298 5878; baseline -0.001 -20"><span class='ocrx_word' id='word_1_536' title='bbox 605 5797 729 5858; x_wconf 80' lang='lat' dir='ltr'><strong>Wilken</strong></span> <span class='ocrx_word' id='word_1_537' title='bbox 741 5795 1418 5875; x_wconf 58' lang='grc' dir='ltr'>116102156616601111166Χ1111).10366.</span> <span class='ocrx_word' id='word_1_538' title='bbox 1460 5799 1554 5878; x_wconf 83' lang='lat' dir='ltr'><strong>quod,</strong></span> <span class='ocrx_word' id='word_1_539' title='bbox 1586 5799 1612 5857; x_wconf 87' lang='lat' dir='ltr'><strong>si</strong></span> <span class='ocrx_word' id='word_1_540' title='bbox 1644 5802 1814 5877; x_wconf 80' lang='lat' dir='ltr'><strong>corrigimus</strong></span> <span class='ocrx_word' id='word_1_541' title='bbox 1839 5797 1970 5867; x_wconf 78' lang='lat' dir='ltr'><strong>Gelbes,</strong></span> <span class='ocrx_word' id='word_1_542' title='bbox 2001 5800 2111 5878; x_wconf 88' lang='lat' dir='ltr'><strong>optime</strong></span> <span class='ocrx_word' id='word_1_543' title='bbox 2142 5796 2266 5877; x_wconf 88' lang='lat' dir='ltr'><strong>quadrat</strong></span> <span class='ocrx_word' id='word_1_544' title='bbox 2292 5787 2298 5798; x_wconf 53' lang='lat'><strong>⁴</strong></span> 
     </span>
    </p>

    <p class='ocr_par' dir='ltr' id='par_1_19' title="bbox 605 5892 2277 6074">
     <span class='ocr_line' id='line_1_48' title="bbox 667 5892 2277 5976; baseline -0.002 -18"><span class='ocrx_word' id='word_1_545' title='bbox 667 5899 739 5970; x_wconf 89' lang='grc'>303)</span> <span class='ocrx_word' id='word_1_546' title='bbox 762 5895 874 5970; x_wconf 84' lang='lat' dir='ltr'><strong>Eador]</strong></span> <span class='ocrx_word' id='word_1_547' title='bbox 900 5895 1100 5954; x_wconf 76' lang='lat' dir='ltr'><strong>nuncllndiu.</strong></span> <span class='ocrx_word' id='word_1_548' title='bbox 1133 5893 1171 5958; x_wconf 83' lang='lat' dir='ltr'><strong>V.</strong></span> <span class='ocrx_word' id='word_1_549' title='bbox 1193 5915 1252 5954; x_wconf 87' lang='lat' dir='ltr'><strong>van</strong></span> <span class='ocrx_word' id='word_1_550' title='bbox 1270 5892 1307 5954; x_wconf 88' lang='lat' dir='ltr'><strong>de</strong></span> <span class='ocrx_word' id='word_1_551' title='bbox 1325 5893 1420 5954; x_wconf 78' lang='lat' dir='ltr'><strong>l&#39;elda</strong></span> <span class='ocrx_word' id='word_1_552' title='bbox 1462 5897 1517 5955; x_wconf 84' lang='lat' dir='ltr'><strong>Est</strong></span> <span class='ocrx_word' id='word_1_553' title='bbox 1542 5896 1572 5958; x_wconf 91' lang='lat' dir='ltr'><strong>b.</strong></span> <span class='ocrx_word' id='word_1_554' title='bbox 1593 5899 1614 5958; x_wconf 84' lang='lat' dir='ltr'><strong>l.</strong></span> <span class='ocrx_word' id='word_1_555' title='bbox 1640 5897 1776 5976; x_wconf 86' lang='lat' dir='ltr'><strong>sphalma</strong></span> <span class='ocrx_word' id='word_1_556' title='bbox 1800 5907 1852 5956; x_wconf 85' lang='lat' dir='ltr'><strong>ant</strong></span> <span class='ocrx_word' id='word_1_557' title='bbox 1877 5897 2000 5969; x_wconf 86' lang='lat' dir='ltr'><strong>librarii,</strong></span> <span class='ocrx_word' id='word_1_558' title='bbox 2030 5910 2082 5955; x_wconf 91' lang='lat' dir='ltr'><strong>aut</strong></span> <span class='ocrx_word' id='word_1_559' title='bbox 2105 5895 2277 5955; x_wconf 84' lang='lat' dir='ltr'><strong>Barabardi.</strong></span> 
     </span>
     <span class='ocr_line' id='line_1_49' title="bbox 605 5993 2151 6074; baseline 0.003 -22"><span class='ocrx_word' id='word_1_560' title='bbox 605 5994 728 6054; x_wconf 86' lang='lat' dir='ltr'><strong>Memoir</strong></span> <span class='ocrx_word' id='word_1_561' title='bbox 747 6015 775 6074; x_wconf 86' lang='lat' dir='ltr'><strong>p.</strong></span> <span class='ocrx_word' id='word_1_562' title='bbox 796 5999 863 6066; x_wconf 87' lang='grc'>310,</span> <span class='ocrx_word' id='word_1_563' title='bbox 881 6015 908 6054; x_wconf 78' lang='lat' dir='ltr'><strong>v.</strong></span> <span class='ocrx_word' id='word_1_564' title='bbox 930 5993 1057 6054; x_wconf 66' lang='lat' dir='ltr'><strong>lhumer</strong></span> <span class='ocrx_word' id='word_1_565' title='bbox 1075 6015 1104 6074; x_wconf 90' lang='lat' dir='ltr'><strong>p.</strong></span> <span class='ocrx_word' id='word_1_566' title='bbox 1131 5997 1198 6054; x_wconf 88' lang='grc'>112.</span> <span class='ocrx_word' id='word_1_567' title='bbox 1464 5995 1556 6056; x_wconf 87' lang='lat' dir='ltr'><strong>Uncis</strong></span> <span class='ocrx_word' id='word_1_568' title='bbox 1581 5997 1669 6072; x_wconf 86' lang='lat' dir='ltr'><strong>igitur</strong></span> <span class='ocrx_word' id='word_1_569' title='bbox 1695 5996 1863 6054; x_wconf 86' lang='lat' dir='ltr'><strong>inclusimus</strong></span> <span class='ocrx_word' id='word_1_570' title='bbox 1885 5994 1988 6054; x_wconf 84' lang='lat' dir='ltr'><strong>vocab.</strong></span> <span class='ocrx_word' id='word_1_571' title='bbox 2010 5995 2151 6056; x_wconf 75' lang='lat' dir='ltr'><strong>Hermon</strong></span> 
     </span>
    </p>
   </div>
   <div class='ocr_carea' id='block_1_13' title="bbox 0 0 2657 7042">
    <p class='ocr_par' dir='ltr' id='par_1_20' title="bbox 0 0 2657 7042">
     <span class='ocr_line' id='line_1_50' title="bbox 0 0 2657 7042; baseline 0 0"><span class='ocrx_word' id='word_1_572' title='bbox 0 0 2657 7042; x_wconf 95' lang='lat' dir='ltr'><strong> </strong></span> 
     </span>
    </p>
   </div>
  </div>
 </body>
</html>
