5284 7042
1215 725 1254 788 53

401 906 543 995 peccatis
562 903 764 992 exigentibus
785 923 847 966 neo
870 925 966 968 unam
991 901 1087 968 habet
1111 901 1249 982 domum,
1271 903 1335 968 nisi
1357 900 1441 968 duas
1462 900 1633 982 eeclesias,
1663 914 1865 970 constructas
1885 903 2014 992 quidem
2036 906 2069 970 in

398 1021 519 1088 honore
541 1021 645 1086 sancti
668 1017 820 1084 Iohannis
841 1017 1000 1106 baptiste,
1032 1017 1089 1084 sed
1115 1017 1156 1084 de
1181 1041 1259 1094 una,
1287 1041 1351 1106 qne
1378 1017 1570 1106 principalis
1598 1032 1669 1082 erat
1697 1029 1730 1083 et
1749 1016 1843 1082 sedes
1864 1017 2070 1100 cathedralis,

399 1137 571 1202 sarraceni
599 1135 743 1200 lecerunt
770 1131 833 1200 sibi
860 1131 1143 1216 mahomeriam·),
1170 1145 1201 1198 et
1233 1135 1375 1198 maxime
1396 1131 1437 1198 de
1464 1131 1613 1220 sepulcro
1645 1131 1787 1198 eiusdem
1806 1132 1895 1198 beati
1915 1133 2071 1201 Iohannis

399 1251 550 1340 baptiste,
572 1249 658 1336 quod
679 1249 719 1314 de
742 1271 902 1314 marmore
923 1249 981 1314 luit
999 1249 1119 1314 lactum
1134 1247 1177 1314 ad
1193 1249 1296 1314 instar
1309 1247 1457 1336 sepulcri
1470 1248 1647 1330 Dominici,
1668 1249 1724 1314 uhi
1740 1249 1825 1314 idem
1842 1264 1972 1316 sanctus
1985 1251 2070 1316 inter

399 1367 564 1434 Heliorum
587 1381 620 1430 et
641 1363 783 1432 Abdiam
796 1365 854 1442 ³⁴⁵)
883 1363 1074 1452 prophetam
1105 1365 1210 1429 luerat
1242 1363 1397 1452 sepultus.
1439 1365 1507 1430 lsta
1532 1363 1671 1430 ecelesia
1696 1379 1746 1428 est
1771 1367 1804 1430 in
1830 1364 1931 1430 latere
1952 1367 2070 1432 montis

399 1485 514 1572 posita,
536 1483 569 1547 in
591 1479 758 1548 descensu.
801 1479 973 1544 Sarraeeui
997 1489 1102 1544 sutem
1126 1477 1253 1544 beatum
1275 1478 1452 1546 Iohannem
1474 1480 1607 1547 multum
1630 1480 1790 1546 honorant
1811 1497 1885 1569 post
1903 1479 2069 1548 Christum

399 1611 430 1664 et
456 1597 584 1664 beatam
612 1597 788 1682 uirginem,
818 1593 860 1660 de
889 1597 962 1682 ipso
988 1617 1107 1682 magna
1135 1595 1324 1660 sencientos.
1365 1595 1489 1662 Dicunt
1518 1597 1602 1662 euim
1624 1595 1789 1664 Christum
1819 1599 1979 1662 ueraciter
1999 1621 2071 1664 esse

398 1712 542 1780 terbum
558 1712 632 1794 Dei,
654 1711 760 1776 Deum
783 1723 889 1776 tamen
912 1733 983 1776 ease
1004 1723 1132 1796 negant.
1175 1709 1311 1776 Beatum
1334 1713 1492 1797 uirginem
1514 1711 1625 1778 dicunt
1647 1711 1688 1778 de
1709 1711 1835 1800 Spiritu
1852 1711 1974 1778 Sancto
1996 1737 2071 1778 con·

399 1831 535 1917 cepisse,
557 1829 716 1914 uirginem
738 1831 904 1914 peperisse
925 1841 957 1892 et
976 1827 1133 1912 siliginem
1157 1829 1383 1914 permansisse
1423 1827 1600 1894 Iohannem
1630 1849 1708 1894 uero
1730 1827 1843 1892 dicunt
1863 1851 2015 1914 maguum
2039 1839 2072 1894 et

399 1944 637 2010 sanctissimum
659 1941 890 2030 prophetarum
912 1943 1019 2008 fuisse.
1064 1941 1300 2008 hlaehometum
1322 1941 1433 2008 dicunt
1454 1947 1606 2008 nuncium
1624 1942 1689 2008 Dei
1710 1943 1809 2010 lsrisse
1829 1957 1861 2008 et
1880 1943 1923 2008 sil
1945 1965 1981 2008 se
2002 1957 2071 2010 tan·

399 2073 468 2126 tuni
490 2081 510 2124 a
530 2057 602 2126 Deo
625 2059 766 2124 missum.
808 2057 881 2124 Hoe
901 2058 966 2144 legi
988 2059 1020 2122 in
1043 2056 1283 2138 aleorano³⁴⁸>,
1335 2059 1368 2123 ui
1390 2070 1441 2122 est
1460 2055 1544 2124 liber
1565 2056 1647 2144 legis
1668 2081 1788 2126 sorum.
1812 2097 1841 2104 -
1876 2059 1952 2124 Alia
1971 2059 2071 2126 eccle

401 2177 450 2240 sia
480 2184 527 2238 cst
557 2173 589 2238 in
620 2173 791 2262 supercilio
818 2175 952 2252 montis,
985 2171 1039 2237 ubi
1062 2185 1132 2238 erat
1153 2170 1313 2260 palacium
1334 2176 1430 2260 regis.
1472 2173 1567 2240 Hanc
1595 2177 1684 2260 greci
1707 2173 1890 2240 inhabitant
1911 2175 2071 2256 monachi,

401 2289 596 2370 Christiani,
625 2289 679 2378 qni
706 2309 757 2354 nie
785 2287 923 2374 benigne
949 2301 1139 2376 receperunt
1167 2302 1199 2354 et
1227 2303 1394 2376 pauernnt
1446 2289 1484 2354 ln
1510 2289 1648 2356 ecclesia
1682 2293 1746 2357 ista
1771 2291 1944 2356 ostendunt
1973 2290 2072 2356 iidem

401 2405 500 2470 Greci
522 2403 645 2486 locum,
675 2403 729 2469 ubi
751 2401 927 2468 Iohannem
953 2405 1190 2470 incarceratum
1217 2405 1317 2470 luisse
1339 2403 1450 2471 dicunt
1471 2420 1503 2470 et
1524 2405 1716 2472 decollatum
1738 2406 1781 2472 ab
1802 2406 1955 2488 Herode3
1985 2405 2072 2494 quod

400 2545 460 2608 ego
479 2519 627 2586 friuolam
651 2519 735 2602 dico,
757 2521 834 2607 quia
855 2519 1075 2594 cluonica³⁴³)
1097 2533 1128 2584 et
1144 2520 1300 2608 Iosephus
1312 2521 1369 2598 ³⁴⁹,
1392 2531 1424 2585 et
1444 2519 1580 2606 legende
1600 2537 1789 2588 sanctorum
1810 2536 1843 2588 et
1859 2520 2018 2608 Magister
2037 2523 2072 2588 in

401 2637 543 2704 historiis
577 2647 608 2702 et
636 2637 771 2702 historia
779 2637 805 2712 b)
833 2633 1119 2712 ecclesiastiea³⁴⁹)
1153 2639 1365 2702 communiter
1385 2635 1495 2704 dieunt
1516 2651 1548 2702 et
1570 2638 1774 2704 concorditer
1795 2659 1867 2702 sum
1889 2637 1922 2702 in
1943 2637 2071 2702 Mache

399 2755 578 2834 rumam),
607 2773 669 2840 que
689 2749 785 2816 hodie
806 2747 937 2836 Haylon
959 2749 1077 2816 dicitur
1099 2763 1130 2816 ct
1152 2765 1201 2816 est
1223 2751 1308 2818 ultra
1327 2751 1517 2836 Iordanem,
1538 2777 1635 2841 quam
1658 2769 1689 2820 et
1717 2752 1785 2819 uidi
1817 2755 1938 2833 [eumlz
1973 2753 2073 2818 luisse

400 2867 601 2936 decollatum.
644 2867 795 2932 Preterea
817 2865 966 2932 Herodes
996 2867 1074 2948 iste,
1102 2869 1155 2956 qui
1177 2865 1355 2932 Iohannem
1382 2867 1574 2950 decollauit,
1607 2880 1678 2934 erat
1708 2867 1872 2934 tetrarcha
1895 2866 2022 2933 Galilee
2041 2880 2073 2934 et

402 2985 542 3072 regionis
564 2983 803 3064 transflumen,
824 3003 886 3066 que
907 2993 956 3046 cst
975 2993 1063 3048 terra
1084 2981 1212 3048 Galaad
1236 2985 1304 3049 siue
1323 2983 1460 3050 duarum
1482 2983 1633 3067 tribuum,
1655 2998 1686 3050 et
1706 2983 1806 3050 nichil
1828 2985 1996 3071 potestatis
2016 2983 2073 3050 ha·

405 3101 473 3168 huit
492 3103 525 3166 in
548 3099 712 3172 Samaria.
739 3099 814 3186 quia
841 3095 897 3162 illa
927 3109 997 3164 orat
1019 3097 1060 3164 de
1081 3099 1310 3186 procuratione
1333 3098 1446 3182 Pilati,
1480 3101 1564 3166 sicut
1584 3099 1760 3166 lenisalem
1782 3112 1814 3165 et
1835 3099 1955 3180 ludes,
1988 3099 2074 3164 unde

401 3215 576 3284 Iohannem
606 3235 664 3280 nec
697 3215 901 3280 incarcerare
922 3215 1043 3302 pomit,
1070 3235 1129 3280 neo
1151 3213 1327 3296 decollare,
1354 3217 1430 3302 qiiia
1449 3215 1548 3282 nichil
1568 3215 1683 3282 habunt
1705 3215 1751 3282 ihi
1772 3219 1862 3282 iuris.
1904 3214 2073 3281 Decollato

401 3347 507 3398 tanuen
530 3353 567 3396 eo
590 3331 622 3396 in
644 3326 870 3408 Machorones,
899 3343 934 3396 ut
955 3329 1074 3396 dictum
1098 3343 1162 3412 est,
1195 3353 1313 3418 corpus
1345 3333 1414 3397 eius
1434 3355 1454 3396 a
1474 3331 1643 3420 discipulis
1663 3333 1697 3398 in
1719 3331 1870 3396 Samaria
1891 3343 1940 3394 est
1961 3329 2070 3396 huma·

405 3465 472 3514 tum
496 3449 579 3512 inter
601 3445 776 3534 prophetas
799 3445 971 3532 predictos,
993 3459 1090 3533 caput
1112 3468 1189 3512 uero
1210 3447 1242 3510 in
1263 3447 1461 3512 lerosolimis
1482 3461 1531 3512 cst
1551 3447 1722 3534 sepultum.
1764 3447 1862 3512 Tales
1884 3459 1990 3510 autem
2010 3445 2074 3508 rui·

405 3589 463 3630 nas
486 3587 550 3630 non
571 3561 638 3628 uidi
660 3565 692 3626 in
717 3573 803 3626 terra
827 3577 957 3642 sancta,
986 3565 1069 3627 sicut
1089 3563 1121 3626 in
1143 3565 1308 3642 Samaria,
1343 3584 1415 3628 cum
1443 3581 1550 3632 tamen
1577 3562 1695 3628 multas
1717 3574 1747 3628 et
1770 3585 1906 3648 magnas
1928 3561 2074 3640 uiderim

403 3704 462 3746 nec
482 3681 542 3746 suit
564 3681 609 3742 ita
631 3677 789 3764 disposita
811 3679 936 3758 ciuitas,
959 3679 1041 3742 sicut
1060 3675 1217 3763 Magister
1238 3679 1270 3742 in
1292 3677 1436 3744 historiis
1457 3677 1586 3744 uidetur
1607 3679 1689 3746 uelle
1708 3703 1805 3766 super
1823 3677 1924 3744 uerbo
1940 3679 2019 3740 isto:
2041 3679 2076 3738 Si

401 3801 540 3880 sufficere
561 3801 670 3874 poterit
688 3797 790 3874 puluis
813 3797 951 3856 Samaria
968 3799 1124 3874 pnpillirl)
1147 3797 1239 3856 orionis
1258 3799 1374 3876 populi,
1396 3801 1447 3876 qui
1467 3799 1602 3876 sequitur
1623 3820 1665 3856 mc
1679 3797 1747 3872 ³⁵5.
1786 3793 1924 3860 {liele-tur
1944 3793 2074 3870 sentire,

402 3909 487 3999 quod
510 3932 618 3976 murus
642 3911 784 3974 ciuitatis
807 3925 836 3974 ct
860 3909 1045 3995 superficies
1068 3911 1186 3974 montis
1208 3911 1336 3974 luerunt
1357 3909 1499 3998 equales,
1521 3926 1551 3974 ct
1573 3911 1713 3998 ‹lesupcr
1732 3911 1860 3976 edificia
1875 3921 2074 3986 constructa3

402 4025 488 4116 quod
510 4049 573 4092 non
595 4041 674 4106 erat,
697 4027 794 4090 immo
815 4046 927 4090 murus
949 4025 1090 4090 ciuitatis
1113 4040 1182 4090 erat
1205 4027 1238 4090 iu
1261 4023 1500 4112 pedemontis,
1523 4027 1663 4092 munitus
1685 4025 1781 4092 uslule
1801 4025 1945 4090 turribus
1968 4026 2074 4090 sortis·

402 4145 508 4218 simis,
534 4159 565 4206 et
594 4165 685 4208 mons
714 4141 848 4206 interius
879 4139 1032 4226 paulatim
1054 4163 1189 4226 surgens
1211 4141 1244 4206 in
1266 4140 1366 4206 altuni
1388 4155 1420 4206 et
1444 4143 1649 4207 circumsitus
1675 4141 1830 4228 edificijs‚
1857 4143 1941 4204 sicut
1960 4139 2074 4206 botrus

402 4259 520 4346 aliquis
544 4261 613 4322 uuis
637 4259 778 4324 consitus
803 4272 834 4322 et
857 4269 999 4336 erectus,
1022 4279 1170 4322 crescens
1192 4255 1349 4342 paulatim
1372 4259 1404 4322 in
1426 4279 1570 4320 acumen.
1607 4255 1710 4341 llcgia
1729 4279 1807 4322 uero
1827 4268 1897 4321 crat
1920 4277 2019 4342 supra
2040 4259 2074 4320 iu

402 4379 473 4463 ipso
500 4387 624 4445 monte,
653 4371 789 4461 pulchra
818 4375 929 4452 nimis,
959 4371 1013 4438 uhi
1046 4371 1198 4438 uidentur
1228 4370 1334 4437 adhuc
1356 4371 1528 4459 columpne
1548 4393 1729 4436 marmoree
1749 4371 1847 4436 multe
1869 4373 1982 4446 nimis,
2012 4393 2075 4457 que

471 4594 497 4626 ιι·
516 4571 670 4624 momerium
690 4573 722 4624 St
755 4599 786 4608 -
813 4567 841 4625 b,
858 4569 1036 4624 hs'storinrum
1055 4569 1093 4625 St.
1113 4567 1139 4622 hi
1159 4601 1189 4612 -
1217 4587 1243 4640 c)
1262 4589 1320 4626 mm
1338 4571 1378 4626 St
1398 4573 1442 4631 h..
1465 4585 1632 4641 quiunquam
1650 4569 1813 4638 praecessit:
1838 4587 1897 4624 oens
1915 4569 1944 4622 is
1963 4567 2074 4622 Moris

537 4663 615 4708 nanto
642 4681 672 4694 -·
690 4653 719 4718 (l)
734 4653 857 4724 pupillus
876 4655 915 4706 St.

464 4833 521 4890 345
556 4828 688 4902 Aedium]
712 4825 746 4886 V.
763 4825 915 4884 llohiuson
938 4825 1000 4884 l’ul.
1018 4823 1061 4884 lll
1099 4833 1133 4887 11.
1156 4831 1214 4886 363
1258 4849 1286 4908 p.
1310 4833 1380 4890 201.
1423 4827 1520 4887 Locus
1539 4847 1558 4884 a
1581 4825 1748 4886 llurcharulo
1776 4827 1880 4884 citatus
1901 4837 1947 4882 est
1967 4825 1996 4880 in
2020 4819 2074 4880 Pe·

401 4939 471 4988 uota
496 4933 527 4993 lt
556 4941 584 4986 st
606 4925 798 4998 humerum,
830 4927 879 5006 qui
902 4921 1070 4984 Burchanlo
1098 4939 1215 4984 auctore
1258 4927 1293 4984 tri
1317 4925 1497 4987 Comestoris
1525 4923 1645 4984 historia
1671 4923 1840 4993 scolastica,
1866 4943 1942 5002 quae
1968 4919 2077 5000 prodiit

402 5027 497 5095 utitur,
520 5047 547 5104 p.
575 5031 638 5086 144.
1258 5025 1440 5102 Argentiuae
1456 5043 1534 5084 auno
1549 5029 1637 5094 4533,
1651 5023 1701 5082 ubi
1717 5023 1757 5082 lit
1771 5020 2075 5096 nomenogium:

463 5129 521 5184 346
556 5125 622 5182 Hoc
651 5123 709 5198 leyi
735 5123 764 5180 irs
794 5121 944 5196 alcorano}
975 5117 1099 5181 Arabico
1129 5121 1217 5198 igitur
1261 5123 1409 5182 Chronico
1433 5133 1461 5182 ct
1483 5123 1536 5182 M
1554 5123 1630 5180 liber
1649 5121 1772 5180 historie
1793 5119 1989 5178 ecclesiastico
2010 5125 2075 5174 tra·

401 5223 490 5284 scisse
512 5219 625 5282 videtur
647 5217 840 5282 Burchartlua.
1260 5223 1333 5282 dunt
1356 5223 1497 5282 lenonem
1526 5223 1558 5280 ia
1580 5222 1702 5280 castello
1724 5219 1835 5278 Arolie
1857 5227 1944 5276 troas
1968 5217 2074 5276 Iorda-

464 5325 534 5385 347,
560 5321 629 5399 quin
645 5321 794 5396 chronico]
819 5317 853 5378 V.
864 5319 1081 5378 annotationem
1095 5339 1216 5398 sequen·
1259 5341 1332 5390 uerri,
1352 5321 1430 5380 dicto
1451 5323 1666 5396 lisciacum,
1696 5319 1823 5376 uinctum
1846 5327 1873 5374 et
1895 5323 2074 5374 truncatum.

404 5431 462 5478 tem
486 5439 606 5480 numero
630 5425 698 5480 349.
1260 5417 1296 5480 l'.
1319 5439 1382 5498 cap.
1408 5417 1546 5481 LXXIII
1569 5419 1708 5480 historiae
1727 5415 1925 5492 evangelicae.

463 5523 521 5580 hii
558 5519 708 5594 Iosephus]
736 5519 804 5578 Ant.
828 5513 943 5576 xt'lli
967 5523 995 5586 5.
1017 5519 1044 5578 2.
1324 5524 1383 5578 35⁰
1419 5521 1627 5591 ‚llnrlrrurrtnl
1656 5515 1830 5576 Machaerus
1856 5513 1977 5592 antiqua
1998 5529 2075 5570 nurse

465 5623 523 5680 343
560 5619 708 5694 llopistrr
737 5647 772 5662 -
808 5617 1016 5692 ecclesiastico]
1049 5615 1095 5676 lle
1123 5613 1217 5684 Petro,
1260 5615 1367 5676 illanc
1387 5616 1444 5677 dici
1466 5619 1563 5678 fertur.
1607 5615 1643 5676 l'.
1668 5636 1693 5674 r.
1717 5613 1845 5674 humer
1865 5633 1894 5692 p.
1916 5615 1984 5672 231.

403 5717 451 5796 qui
474 5735 635 5792 cognomen
659 5715 787 5776 habehat
808 5713 985 5774 Cornestoris
1012 5736 1035 5774 ι.
1059 5713 1217 5774 llauduca·
1322 5720 1377 5776 334
1419 5717 1565 5792 ‚llopirter
1598 5717 1628 5772 in
1650 5714 1783 5772 historiis
1804 5743 1845 5756 -
1866 5711 2001 5786 sequitur
2022 5707 2073 5781 orel

403 5817 487 5881 rueris.
516 5829 543 5872 rt
572 5817 621 5896 qui
651 5813 770 5874 honoris
797 5833 903 5880 uuas,
934 5826 965 5874 nt
990 5813 1052 5882 hic,
1080 5811 1219 5888 lispistcr
1261 5812 1295 5874 l'.
1328 5813 1407 5874 l‘etri
1436 5813 1614 5874 l'omestoris
1641 5811 1799 5872 ilistoriam
1825 5809 2008 5870 scolasticam
2035 5803 2074 5862 ad

404 5915 586 5974 historiarum
607 5915 827 5996 appellabatur.
856 5911 892 5972 cl.
914 5925 1029 5992 praetor
1049 5912 1216 5970 (interium
1260 5911 1305 5972 lll
1329 5911 1443 5977 lle-gum
1465 5933 1529 5992 cap.
1551 5911 1709 5972 mvn
1742 5931 1769 5970 c.
1789 5918 1830 5972 4.
1873 5907 1970 5966 Locus
1991 5899 2074 5960 bibli·

404 6027 431 6072 rt
471 6011 640 6072 loerhcruni
674 6013 888 6094 Staphontium
924 6025 1006 6092 parte
1035 6011 1048 6070 l
1087 6009 1142 6070 rol.
1170 6009 1217 6070 llI
1260 6033 1311 6072 rus
1335 6026 1380 6072 est
1400 6011 1446 6073 lli
1469 6011 1582 6092 liceum
1605 6011 1678 6073 n.
1708 6019 1753 6074 40.
