5284 7042
1230 742 1287 802 tto

420 914 511 977 mina
530 910 680 996 Herodie,
700 908 756 1003 qui
777 934 853 980 eum
875 926 1063 1003 persecutae
1085 916 1161 981 eat?
1194 916 1302 996 Pilati,
1324 916 1417 981 Anne
1439 928 1470 983 et
1493 916 1645 1005 Cayphe,
1667 918 1722 1005 qui
1744 940 1815 983 eum
1838 916 2091 983 crucifixerunt?

421 1037 455 1093 et
471 1026 569 1109 lude,
596 1030 652 1117 qui
672 1026 834 1117 prodidit,
861 1041 893 1095 et
913 1032 1018 1115 Petri,
1046 1032 1100 1119 qui
1122 1033 1254 1119 negauit
1274 1032 1372 1097 eum?
1402 1032 1556 1097 Preterea
1584 1032 1659 1098 talia
1681 1034 1821 1097 mutacio
1843 1047 1899 1098 aut
1920 1034 2092 1121 corrupcio
2110 1042 2142 1095 2³

423 1142 584 1229 euangelii
605 1156 662 1210 aut
682 1146 742 1211 t’uit
763 1146 908 1225 occulta,
935 1160 966 1213 et
988 1160 1064 1213 tuno
1084 1168 1149 1213 non
1170 1150 1274 1234 potuit
1296 1170 1368 1213 eoae
1390 1146 1566 1233 generalia,
1595 1158 1627 1213 et
1648 1160 1828 1213 remaneret
1851 1150 1971 1213 veritae
1994 1170 2091 1213 euan-

420 1258 496 1345 gelii
516 1260 552 1325 in
572 1260 682 1346 aliqua
702 1264 952 1350 prouinciarum,
973 1274 1030 1327 aut
1051 1262 1111 1327 fuit
1133 1262 1296 1347 generalia
1317 1274 1350 1327 et
1372 1264 1562 1345 manifesta,
1586 1276 1618 1329 et
1639 1278 1715 1329 tunc
1737 1285 1801 1328 non
1823 1266 1926 1351 potuit
1949 1286 2019 1327 aare
2041 1286 2091 1329 oc·

420 1372 508 1441 culta
536 1387 569 1441 et
595 1374 727 1442 eredita
775 1376 929 1443 Preterea
955 1380 983 1443 ai
1010 1376 1185 1443 Sarraceni
1211 1378 1332 1461 eeiunt,
1365 1378 1453 1465 quod
1486 1392 1564 1467 aput
1595 1402 1706 1445 omnee
1729 1378 1934 1446 Christianos
1962 1382 1994 1443 in
2027 1392 2093 1443 toto
2111 1392 2142 1443 tt

421 1490 541 1557 mnodo
568 1502 619 1557 eat
648 1492 853 1579 euangelium
884 1502 1071 1580 corruptum
1097 1504 1130 1559 et
1157 1503 1330 1574 mutatum,
1365 1492 1537 1559 ostendant
1559 1494 1653 1561 nobie
1677 1508 1756 1581 aput
1779 1496 1868 1583 ipson
1890 1494 2091 1581 euangelium

421 1607 593 1693 integrum.
635 1606 719 1673 Nam
740 1611 824 1673 etin
848 1608 991 1674 Baidaco
1011 1620 1043 1673 et
1063 1610 1097 1675 in
1119 1608 1309 1687 Maecia²⁰⁹)
1332 1610 1392 1674 fuit
1414 1608 1555 1675 studium
1579 1609 1790 1698 abantiquo,
1820 1610 1875 1675 vbi
1899 1612 1931 1675 in
1951 1610 2093 1675 arehiuie
2111 1622 2143 1673 rt

422 1722 676 1789 Sarraceuorum
697 1721 774 1789 libri
796 1724 1012 1811 antiquissimi
1035 1726 1240 1811 reperiuntur
1262 1738 1294 1789 et
1316 1737 1566 1805 conteneantur,
1594 1750 1675 1813 quoa
1698 1726 1791 1791 nobie
1814 1726 2041 1805 ostendebant,
2064 1742 2092 1789 et

422 1847 529 1904 umen
554 1862 727 1927 numquam
750 1850 921 1927 potuerunt
940 1838 1035 1905 nebia
1057 1838 1228 1905 ostendere
1247 1839 1336 1905 aliud
1356 1840 1560 1927 euangelium
1583 1843 1644 1905 niai
1662 1842 1743 1907 sicut
1761 1856 1810 1905 eet
1826 1856 1904 1929 aput
1921 1866 1987 1909 nere.
2023 1840 2093 1907 lioe
2112 1854 2143 1903 to

421 1955 541 2037 eciam,
574 1955 661 2043 quod
683 1958 855 2021 Sarraceni
884 1954 996 2021 dicunt
1016 1954 1058 2019 de
1080 1956 1249 2041 euangelio
1270 1967 1302 2021 et
1324 1956 1507 2044 prophetia,
1534 1956 1619 2045 quod
1641 1958 1704 2021 nint
1726 1968 1880 2044 corrupta
1901 1968 1979 2045 aput
2002 1956 2092 2023 Chri·

421 2072 544 2135 atianoa
567 2081 598 2136 et
619 2069 753 2153 Indeoa,
775 2082 825 2135 eat
847 2092 1002 2158 eapreaae
1024 2084 1137 2137 contra
1159 2070 1263 2157 legem
1286 2094 1408 2135 eorum.
1453 2072 1534 2137 Nam
1557 2072 1780 2139 Machometua
1802 2070 1882 2137 dicit
1903 2074 2094 2139 Sorroccnin
2112 2088 2142 2139 tr

421 2186 454 2251 in
476 2186 646 2252 alcorano:
678 2184 736 2267 „Si
756 2188 881 2251 oriatur
901 2184 1011 2274 aliqua
1031 2185 1196 2253 dubitacio
1217 2199 1298 2274 aput
1318 2208 1393 2269 roe,
1425 2190 1568 2274 queratie
1589 2187 1631 2253 ab
1655 2186 1735 2269 iilia,
1767 2190 1821 2275 qui
1847 2189 1936 2275 priua
1966 2212 2090 2275 recepe·

421 2314 496 2367 runt
516 2300 645 2383 librum,
664 2301 786 2367 aciiieet
808 2300 1003 2367 Christiania
1023 2313 1054 2365 ct
1076 2300 1213 2366 ludeia.“
1255 2302 1299 2367 lit
1321 2312 1436 2389 postea
1459 2302 1546 2383 dicit,
1569 2302 1655 2391 qued
1677 2304 1767 2369 Deua
1788 2304 1881 2370 dicit:
1904 2304 1991 2383 „Noe
2013 2306 2093 2369 veri·
2112 2316 2143 2367 2·

420 2426 519 2483 tatem
549 2418 812 2483 conecruauimue
842 2430 873 2481 et
902 2414 1166 2482 conseruabinrua
1188 2430 1267 2505 aput
1290 2420 1378 2481 eoa.“
1422 2418 1493 2483 Hoc
1516 2431 1616 2483 totum
1648 2419 1785 2483 indicari
1809 2419 1920 2483 dicunt
1941 2419 2144 2487 alcoranum

422 2554 465 2599 ex
490 2556 547 2599 ore
566 2532 647 2615 Dei,
680 2556 757 2620 ergo
776 2532 996 2599 Machometua
1022 2533 1162 2597 mitteret
1190 2554 1245 2597 eoa
1274 2532 1317 2599 ad
1340 2546 1491 2621 corrupta
1514 2532 1742 2621 exenrplaria'?
1776 2534 1819 2599 Et
1848 2536 1969 2600 iaciunt
1991 2537 2092 2601 eciam
2111 2550 2144 2601 m

422 2648 531 2715 Deum
552 2647 756 2730 mendacem,
785 2650 813 2713 ai
840 2672 904 2715 non
925 2650 1069 2713 aeruauit
1090 2648 1259 2713 veritatem
1282 2670 1374 2715 auam
1405 2650 1436 2713 in
1459 2648 1552 2713 libris
1576 2648 1833 2715 Christianorum
1855 2662 1886 2715 ct
1911 2650 2093 2722 iudeorum.

422 2766 506 2831 aient
527 2764 622 2830 dixit.

545 2881 617 2947 Hoc
642 2880 702 2947 auh
735 2880 894 2947 breuitate
927 2892 959 2945 et
987 2882 1081 2967 quari
1109 2896 1218 2967 proter
1239 2882 1442 2967 propositum
1466 2880 1624 2961 diximus,
1658 2892 1691 2945 vt
1717 2878 1867 2945 daremus
1891 2884 2091 2947 occasionem
2112 2904 2139 2955 m

423 2996 601 3065 maioribus
623 2996 787 3061 efficacius
810 2994 1023 3085 impugnandi
1041 2993 1146 3081 legem
1167 3006 1255 3059 tante
1275 2994 1362 3060 fidei.

671 3193 814 3259 XXXV.
855 3193 984 3274 QUOD
1007 3194 1098 3259 LEX
1120 3192 1482 3261 SARRACENORL'M
1504 3192 1590 3259 Est
1612 3192 1848 3259 tronum.

546 3348 647 3411 Sexto
669 3356 700 3409 et
722 3342 834 3434 altimo
855 3342 1020 3407 sciendum
1042 3355 1109 3423 cat,
1141 3341 1228 3431 quod
1248 3340 1301 3407 ica
1326 3344 1579 3407 Sarracenormn
1603 3356 1652 3405 ent
1672 3341 1813 3407 violenta
1842 3356 1873 3407 et
1895 3365 1953 3430 per
1974 3342 2092 3409 violen-
2114 3355 2121 3404 Ι

423 3464 507 3529 eiam
533 3458 727 3527 introducta.
771 3457 864 3524 Vnde
885 3473 965 3547 aput
987 3461 1076 3547 ipeoa
1097 3459 1310 3523 cortiaaimum
1334 3470 1398 3539 cat,
1428 3458 1514 3545 quod
1540 3458 1592 3523 lex
1619 3460 1692 3547 ipsa
1714 3456 1816 3523 solum
1839 3456 1970 3523 durabit
1992 3474 2125 3547 quan-2

422 3592 489 3645 tum
512 3576 644 3642 durabit
664 3590 742 3663 aput
763 3598 818 3641 eoa
841 3576 976 3641 victoria
999 3578 1094 3641 cirria.
1137 3574 1220 3639 Nam
1242 3576 1306 3661 ipai
1328 3575 1414 3639 omni
1438 3578 1518 3639 seria
1540 3585 1633 3639 ecxta
1655 3574 1734 3639 hora
1754 3596 1839 3639 nona
1854 3588 2091 3661 congregantur
2109 3588 2123 3633 ³

423 3694 465 3761 ad
486 3694 670 3760 oracionem
692 3704 723 3755 et
744 3692 986 3779 expoaicioncur
1007 3690 1097 3776 legia.
1140 3690 1206 3755 Sed
1230 3704 1402 3777 antequam
1425 3690 1610 3779 predicator
1639 3690 1789 3777 incipiat,
1819 3688 1960 3755 extrahit
1982 3704 2123 3755 enecuit

423 3822 455 3875 et
475 3812 565 3897 ponit
588 3810 795 3895 euaginatum
816 3808 850 3872 in
871 3804 941 3871 ioco
962 3808 1129 3887 eminenti,
1150 3818 1185 3871 rt
1207 3805 1250 3869 ab
1272 3806 1420 3871 omnibus
1442 3806 1609 3885 videatur,
1632 3806 1665 3870 in
1687 3806 1823 3891 signium,
1847 3804 1931 3892 quod
1956 3828 2014 3893 pcr
2037 3830 2088 3871 en·

424 3949 490 3993 aem
520 3926 639 4011 incepit
668 3922 721 3987 lex
747 3920 803 3987 illa
830 3936 861 3987 ct
891 3943 949 4008 per
970 3944 1078 3987 eurem
1099 3920 1334 3987 terminabitur.
1378 3922 1464 3985 Sane
1485 3924 1548 4009 ipsi
1570 3920 1652 3985 t'aleo
1674 3944 1731 3985 cuo
1755 3922 1913 4007 prophete
1935 3940 2124 4007 arrogante

423 4040 523 4109 muita
544 4038 716 4119 miracula,
745 4037 868 4103 acilicct
885 4036 972 4123 quod
993 4039 1065 4125 ipae
1084 4038 1182 4119 fregit
1202 4036 1310 4101 ianam
1333 4050 1364 4101 et
1386 4038 1613 4123 reintegrauit,
1647 4052 1678 4101 ct
1702 4034 1787 4123 quod
1809 4034 1884 4101 luno
1907 4036 2040 4101 intrauit
2062 4040 2090 4101 ei

423 4180 483 4245 per
504 4158 682 4230 manicam,
715 4168 746 4219 et
768 4152 855 4241 quod
876 4152 999 4217 cameia
1020 4154 1049 4217 ci
1072 4151 1179 4217 locuta
1200 4164 1264 4231 eat,
1297 4166 1328 4217 et
1357 4152 1443 4239 quod
1469 4155 1539 4239 ipae
1567 4151 1711 4217 aacendit
1734 4174 1832 4237 culter
1854 4152 2015 4237 quotidem
2039 4150 2090 4215 be·

421 4274 517 4338 etiam
540 4272 694 4335 minorem
717 4266 857 4334 mulnet
879 4270 1035 4333 maiorem
1057 4270 1164 4340 acino.
1192 4281 1223 4331 et
1250 4288 1365 4331 nomen
1393 4266 1739 4344 beataemariae„
1770 4280 1801 4331 et
1828 4267 1887 4330 iuit
1912 4290 2010 4353 cuper
2039 4266 2089 4330 be·

423 4390 519 4453 atiaru
550 4385 638 4451 illam
669 4406 770 4471 reque
799 4384 842 4449 ad
872 4382 1019 4449 citimum
1048 4383 1153 4448 eclam
1182 4384 1215 4447 in
1243 4384 1359 4448 urinori
1382 4385 1493 4471 spacio
1521 4406 1617 4471 quam
1647 4382 1680 4447 in
1702 4384 1767 4447 ictu
1790 4380 1884 4447 oculi.
1928 4380 1968 4445 Et
1992 4382 2035 4448 ibi
2059 4386 2124 4449 ino·

422 4500 490 4567 oelo
512 4502 698 4589 impetrauit
717 4501 862 4585 graciam
886 4498 1015 4564 cuidam
1036 4498 1170 4583 angeio,
1202 4500 1257 4585 qui
1285 4498 1383 4563 tiebat
1406 4510 1539 4586 peccata
1563 4518 1632 4563 ana.
1675 4498 1739 4577 Qui
1762 4496 1896 4581 angelus
1919 4513 1965 4562 eet
1988 4500 2123 4563 maior?

420 4639 517 4705 quam
544 4629 646 4683 totum
674 4618 859 4681 rniuoraum
886 4628 1013 4677 centum
1041 4612 1184 4690 vicibue3
1215 4627 1247 4677 ct
1277 4614 1377 4679 muita
1404 4614 1498 4693 talia,
1528 4636 1590 4701 que
1623 4615 1729 4677 onmia
1756 4626 1962 4677 amiternum
1986 4616 2091 4701 iprum

423 4733 610 4800 alcoranum
633 4752 762 4810 cortem,
784 4732 840 4817 qui
861 4728 956 4810 dicit,
978 4728 1063 4817 quod
1086 4730 1178 4795 Deua
1201 4730 1285 4794 dixit
1305 4728 1524 4794 Machometo:
1554 4728 1651 4806 „ideo
1674 4752 1737 4793 mm
1761 4731 1911 4815 permitte
1933 4746 1963 4793 te
1985 4732 2092 4795 tircere

423 4847 629 4926 miraculum,
649 4848 725 4933 quia
747 4846 822 4914 acio.
845 4846 932 4932 quod
954 4843 1012 4909 tibi
1036 4869 1099 4911 non
1122 4846 1310 4912 crederent:
1341 4844 1397 4909 aed
1418 4844 1503 4909 dabo
1526 4844 1584 4909 tibi
1608 4868 1735 4916 eurem,
1764 4857 1797 4907 rt
1821 4868 1878 4931 per
1899 4844 2089 4911 violenciam

421 4988 476 5031 coa
506 4986 606 5047 cogam
633 4960 797 5025 credere.“
840 4960 906 5025 sed
927 4960 1089 5047 quemodo
1111 4963 1141 5025 ei
1164 4984 1227 5025 non
1250 4958 1436 5039 crederent,
1465 4962 1491 5023 ai
1520 4961 1641 5024 tiu-eret
1664 4956 1869 5030 rniracuium.
1897 4964 1950 5047 qui
1972 4963 2000 5025 ei
2024 4964 2124 5026 einen

420 5080 529 5170 aliquo
552 5076 707 5143 nriraculo
727 5075 958 5141 crediderunt?
986 5089 1016 5139 et
1045 5075 1149 5158 legem
1174 5090 1263 5141 tante
1291 5074 1426 5163 perfidie
1449 5082 1661 5162 receperunt?
1694 5076 1766 5163 ipae
1785 5076 1886 5141 eciam
1910 5074 2123 5145 tinctione-n

421 5210 472 5261 tua
495 5197 527 5261 iu
549 5196 702 5259 alcorano
726 5191 889 5279 probibet,
922 5216 961 5257 m·
992 5192 1033 5255 de
1060 5217 1098 5255 eo
1128 5190 1280 5256 credatur
1307 5194 1369 5255 nim
1393 5190 1479 5277 quod
1500 5192 1532 5255 in
1555 5190 1707 5255 alcorano
1730 5197 1884 5277 acriptum
1908 5208 1970 5262 ent.
2004 5194 2089 5259 etin

421 5310 573 5377 aiwrauo
595 5310 649 5373 iiia
671 5310 826 5373 miracula
849 5332 912 5372 mm
936 5325 1009 5372 ιιιιιι
1032 5310 1163 5395 scripta.
1206 5308 1327 5373 Scribit
1351 5324 1457 5371 iernen
1481 5306 1545 5371 «iun
1567 5312 1659 5387 sigua
1684 5307 1733 5372 eei
1756 5320 1955 5393 argumenta.
1976 5330 2037 5393 que
2060 5322 2089 5371 ct
2113 5324 2140 5371 to

421 5430 483 5515 ipsi
506 5426 679 5491 Sarruceni
703 5438 853 5511 reputant
877 5423 1148 5489 mirice-mimine
1169 5422 1212 5487 ad
1234 5422 1452 5509 probandum,
1486 5422 1571 5509 quial
1601 5420 1769 5487 almiraaua
1796 5438 1835 5487 nt
1869 5446 1951 5509 apua
1975 5422 2036 5487 liei
2059 5441 2089 5487 et

482 5632 541 5689 20⁹
575 5624 734 5687 Mertai-(i
1275 5636 1485 5689 menecratum
1514 5644 1572 5703 ιμιο
1592 5620 1814 5681 liubammrdea
1841 5644 1876 5683 aa
1900 5626 2009 5705 templo
2032 5624 2089 5683 hie·

483 5764 542 5821 2¹„
578 5759 631 5818 b,
650 5756 753 5822 mg.
746 5743 811 5871 ὁ,
820 5748 1008 5855 [leffium
1057 5754 1233 5815 mmmm·
1276 5724 1515 5803 maeijrnitano
1509 5742 1538 5781 m
1561 5720 1675 5779 coelum
1697 5734 1815 5779 erectae
1837 5722 1975 5797 tingatur.
1998 5722 2088 5803 quod-

1275 5844 1333 5903 que
1360 5822 1443 5881 notin
1465 5834 1610 5901 atquec
1582 5822 1600 5877 ti
1603 5838 1692 5877 erutae
1722 5820 1811 5877 t'uiaae
1833 5822 1905 5879 inter
1928 5842 1958 5877 ιιι
1962 5824 2039 5879 inum
2061 5834 2090 5877 et

421 5910 476 5951 utra
504 5895 590 5951 aun
583 5894 631 5949 uri
660 5890 739 5949 iubet
746 5812 902 5965 irritagii
930 5888 1045 5949 icaieou
1077 5911 1099 5950 a.
1127 5910 1144 5947 t
1182 5888 1233 5947 do·
1276 5922 1385 5981 mulum
1411 5924 1581 5999 mmm„
1569 5916 1723 5977 „nidum

421 6008 508 6061 eona,
547 6012 612 6047 cane
647 5988 757 6049 animai
793 6010 844 6047 aee
875 5990 1031 6046 iumentum
1060 5990 1089 6045 in
1117 5986 1235 6047 Corano

1829 6098 1873 6147 Μ’

398 6695 620 6713 -λ
