5284 7042
1426 720 1483 782 182

585 906 651 966 set
670 896 729 961 tali
750 895 791 959 de
813 916 913 959 causa
933 892 1000 959 illic
1021 893 1082 958 tuit
1102 893 1271 961 collocata.
1314 896 1442 961 lnuisor
1465 898 1606 961 omnium
1636 897 1793 963 bonorum
1817 896 1965 965 diabolus
1988 900 2118 967 colonos
2146 910 2178 965 et
2199 901 2286 966 inha-

618 1013 776 1079 bitatores
798 1009 893 1075 buius
913 1020 999 1076 terre
1019 1020 1111 1075 tanta
1133 1010 1299 1075 mlestauit
1319 1010 1458 1093 malicia,
1482 1022 1517 1076 ut
1539 1034 1676 1099 corpora
1696 1032 1825 1077 suorum
1848 1022 2065 1095 mortuorum,
2092 1034 2155 1100 qus
2176 1012 2216 1079 de
2237 1014 2288 1079 die

618 1128 715 1194 humo
741 1129 979 1213 imposuerant,
1009 1136 1104 1190 nocte
1133 1125 1174 1190 de
1206 1124 1364 1213 sepulcris
1392 1126 1544 1192 euelleret
1572 1137 1604 1191 et
1625 1126 1668 1191 sd
1690 1126 1871 1214 penetralis
1893 1152 2024 1195 snorum
2046 1130 2220 1195 charorum
2234 1132 2285 1205 ¹7⁹„

584 1232 810 1349 {reportaret
852 1240 947 1306 Unde
976 1242 1040 1327 ipsi
1067 1240 1219 1326 indigene
1247 1251 1392 1307 mortuos
1423 1264 1500 1307 suos
1527 1264 1591 1307 non
1619 1254 1770 1329 poterant
1799 1244 1945 1331 sepelire.
1988 1244 2136 1325 Quorum
2164 1244 2289 1310 cladem

617 1360 760 1441 Helena,
782 1357 989 1425 Constantini
1014 1366 1133 1437 mater,
1159 1356 1226 1421 illic
1246 1368 1313 1422 tum
1338 1358 1522 1443 imperans,
1543 1370 1592 1423 est
1613 1360 1783 1440 miserata,
1806 1368 1837 1423 et
1859 1359 1995 1425 eandem
2017 1382 2162 1443 crucem,
2194 1384 2289 1448 quam

618 1478 794 1561 integram,
823 1475 906 1537 sicut
932 1470 1029 1537 bodie
1058 1482 1121 1554 est,
1153 1496 1173 1537 a
1192 1471 1422 1559 Hierosolyma
1444 1496 1552 1538 seeum
1574 1476 1812 1561 apportauit⁸),
1842 1476 1875 1539 iu
1896 1474 2043 1561 predicto
2065 1488 2171 1541 monte
2195 1477 2289 1543 collo·

619 1594 716 1673 cauit,
736 1598 770 1655 st
791 1589 838 1653 sic
859 1610 923 1653 non
944 1586 1049 1653 solum
1068 1586 1140 1653 illos
1163 1588 1272 1653 hostes
1296 1588 1457 1674 malignos
1479 1610 1499 1652 a
1520 1598 1617 1671 terra,
1639 1611 1751 1653 uerum
1773 1591 1875 1655 eciam
1896 1590 1938 1653 ab
1959 1590 2112 1657 inferiore
2127 1602 2214 1673 aere,
2235 1595 2289 1681 qui

620 1728 731 1771 carcer
751 1703 923 1769 demonum
945 1712 1087 1789 putatur,
1112 1713 1259 1792 potenter
1280 1704 1414 1791 expulit,
1435 1726 1474 1769 ac
1495 1705 1521 1769 si
1545 1704 1667 1769 diceret
1686 1702 1765 1769 illud
1787 1704 1921 1770 uerbum
1942 1704 2166 1771 Dominicum:
2198 1712 2290 1771 Sinite

572 1841 602 1892 ιο
619 1834 748 1883 mortuos
768 1826 891 1899 sepetire
911 1832 1042 1881 mortuos
1060 1842 1130 1881 suos
1144 1820 1208 1896 ¹⁸⁰).
1249 1818 1295 1885 Et
1315 1821 1362 1884 sic
1384 1819 1458 1903 „ille
1481 1818 1581 1885 bostis
1597 1820 1757 1906 antiquus,
1780 1822 1836 1907 qui
1854 1822 1887 1884 in
1901 1820 1991 1907 ligno
2008 1821 2171 1905 uincebat,
2192 1824 2289 1899 insol)

621 1958 748 2024 quoque
767 1935 990 2000 uincebatur“.

589 2088 600 2139 ¹
744 2084 869 2149 xxxi,
910 2081 963 2147 Ab
991 2082 1053 2147 boc
1073 2094 1182 2149 monte
1199 2084 1340 2149 uidimus
1362 2090 1500 2165 Paphos,
1527 2106 1588 2171 que
1610 2086 1713 2152 eciam
1737 2088 1799 2151 sita
1822 2108 1918 2171 super
1942 2090 2061 2161 mare⁰)
2082 2084 2179 2153 habet
2201 2088 2235 2151 in
2257 2112 2290 2154 se

586 2214 603 2265 2
621 2199 795 2267 secundam
818 2199 926 2263 sedem
947 2197 1164 2285 episcopalem
1186 2200 1424 2285 suffraganeam
1446 2200 1568 2265 domini
1587 2200 1788 2267 nicosiensis.
1830 2200 1874 2265 Et
1896 2210 1945 2267 est
1966 2200 2082 2265 ciuitas
2104 2224 2225 2289 parua,
2256 2206 2289 2269 in

621 2341 686 2407 qua
706 2315 803 2381 bodie
824 2324 1022 2380 mensuetus
1042 2318 1142 2379 turris
1163 2314 1229 2397 illa,
1251 2338 1467 2403 superquam
1490 2316 1578 2401 apud
1602 2315 1770 2402 gentilium
1793 2338 1918 2381 errores
1940 2316 2052 2381 Uenus
2072 2340 2091 2381 a
2113 2320 2181 2382 suis
2204 2340 2289 2384 sma-

620 2432 743 2500 toribus
764 2430 938 2497 colebatur.

586 2588 603 2637 ³
743 2580 825 2647 Inde
852 2580 1112 2667 peregrinatione
1142 2589 1254 2643 nostra
1276 2578 1427 2645 absoluta
1447 2602 1559 2645 versus
1580 2586 1790 2661 Famapustam
1817 2578 2054 2661 laborauimus,
2085 2590 2117 2645 et
2138 2584 2215 2669 quia
2237 2605 2289 2670 pe·

620 2698 704 2764 dites
732 2698 939 2779 incessimus,
968 2696 1077 2760 asinos
1107 2692 1288 2759 conducere
1316 2718 1374 2783 pre
1406 2694 1596 2761 lassitudine
1619 2694 1831 2781 cogebamur,
1861 2705 1893 2759 et
1915 2698 1948 2758 in
1971 2696 2018 2759 eis
2039 2698 2122 2761 sieut
2143 2698 2176 2760 in
2199 2699 2288 2782 equis

585 2813 758 2879 sfortibns
790 2812 973 2878 discurrere
1003 2810 1209 2899 putabamus.
1253 2810 1345 2875 'l'unc
1372 2810 1503 2897 quidam
1530 2821 1692 2893 nostrrnu,
1725 2833 1820 2897 quem
1848 2811 2015 2876 nominare
2041 2832 2106 2875 non
2126 2833 2287 2898 presumo,

621 2953 716 3019 quem
738 2931 841 2993 eciam
862 2926 1013 3011 „fecundi
1036 2925 1153 2990 calices
1174 2926 1269 2989 nimis
1290 2926 1435 2991 fecerant
1457 2926 1634 2991 disertum“
1648 2929 1712 3007 ¹⁸¹),
1736 2949 1808 2991 cum
1827 2928 1972 3014 equitare
1990 2936 2130 3013 putaret,
2152 2928 2288 3014 pedibus

620 3048 687 3111 suis
708 3048 742 3110 in
764 3045 894 3109 diuersa
913 3041 1119 3107 tendentibus
1140 3040 1181 3104 de
1202 3042 1293 3106 asino
1315 3042 1448 3123 cecidit,
1478 3054 1509 3106 et
1539 3042 1615 3107 dum
1636 3064 1768 3128 surgere
1789 3042 1971 3121 laboraret,
1998 3041 2121 3129 aliquot
2142 3044 2225 3109 ictus
2248 3044 2287 3109 ab

587 3131 693 3247 gipso
715 3161 807 3226 asino
828 3160 961 3246 recepit
995 3156 1125 3222 Etiam
1149 3178 1263 3221 uersus
1284 3156 1413 3223 Silenus
1436 3156 1524 3223 calce
1544 3158 1659 3223 feritur
1680 3156 1788 3223 uselli!
1813 3156 1879 3238 Qui
1900 3170 2008 3223 temen
2033 3180 2159 3223 omnem
2179 3182 2286 3225 casum

619 3298 713 3341 suum
734 3276 810 3339 uino
831 3273 1025 3361 imputabat,
1047 3295 1121 3339 cum
1142 3273 1255 3359 pocius
1276 3272 1504 3339 documentum
1525 3274 1612 3339 istud
1634 3274 1767 3341 Catonis
1781 3274 1836 3350 18Ὶ)
1860 3272 2036 3339 obseruare
2058 3272 2204 3339 deberet:

1037 3424 1095 3501 Qui
1115 3434 1187 3505 potu
1207 3444 1324 3505 peccas,
1345 3424 1397 3486 tibi
1419 3433 1480 3485 tute
1502 3426 1654 3503 ignoscere
1674 3427 1750 3503 noli,

1036 3524 1127 3585 Nulla
1147 3526 1257 3585 etenim
1276 3524 1338 3584 uini
1360 3524 1448 3605 culpa
1468 3532 1520 3599 est,
1542 3522 1595 3583 ssd
1620 3523 1706 3603 culpa
1725 3523 1859 3585 bibentis.

588 3693 603 3742 τ
745 3666 940 3734 Huiusmodi
960 3668 1065 3752 homo,
1087 3680 1230 3757 utputo,
1253 3670 1406 3757 deinceps
1428 3672 1647 3735 testimonium
1668 3668 1840 3757 perbibere
1859 3691 1923 3734 non
1944 3679 2058 3757 potest.

590 3826 602 3878 t
746 3816 889 3882 XXXII.
930 3816 1017 3883 Hinc
1038 3820 1185 3884 uenimus
1205 3824 1440 3901 Famapsstam,
1470 3840 1531 3905 que
1554 3828 1602 3883 est
1624 3820 1739 3883 ciuitas
1759 3820 1822 3883 sita
1840 3818 1932 3883 iuxta
1954 3842 2057 3901 mare,
2085 3828 2215 3906 portum
2235 3818 2289 3885 hs·

590 3934 702 3999 tbsns
730 3933 866 4015 bonum,
892 3955 957 3998 non
985 3934 1120 4000 multum
1150 3936 1282 4001 munita.
1325 3936 1363 4001 ln
1389 3958 1452 4024 qua
1483 3946 1530 3999 est
1552 3934 1644 3999 sedes
1666 3932 1862 4021 episcopalis
1890 3938 1986 3999 tertia
2008 3934 2213 4021 suffraganea
2236 3934 2289 4001 do·

622 4072 700 4115 msnr
721 4071 923 4115 mcosrensrs.

586 4215 602 4266 ³
743 4200 841 4265 quta
862 4199 952 4265 illam
977 4200 1040 4264 sita
1062 4210 1112 4264 est
1134 4200 1272 4287 quedam
1295 4201 1411 4265 ciuitas
1434 4198 1616 4279 destructa,
1636 4197 1678 4262 de
1699 4220 1779 4285 qus,
1802 4210 1836 4263 ut
1856 4198 1985 4281 dieunt,
2014 4199 2075 4263 licit
2096 4197 2211 4263 beatus
2236 4198 2289 4263 ille

621 4325 653 4379 st
674 4336 810 4400 magnus
829 4313 1034 4402 Epiphanius
1050 4317 1117 4397 ¹⁸³),
1139 4316 1230 4380 cuius
1253 4316 1409 4381 memoria
1427 4315 1565 4381 habetur
1583 4316 1617 4379 in
1640 4334 1764 4379 canone
1779 4314 1843 4391 ¹⁵⁴).

586 4477 603 4527 t
744 4461 796 4526 ab
819 4462 880 4527 hac
901 4464 1032 4527 ciuitate
1050 4474 1126 4551 post
1144 4486 1267 4529 moram
1288 4468 1385 4529 trium
1409 4463 1696 4546 hebdomadarum,
1719 4462 1835 4547 quibus
1857 4472 1986 4527 uentum
2009 4462 2212 4529 commodum
2235 4486 2289 4529 ex·

620 4580 838 4666 pectauimus,
866 4576 940 4643 uela
969 4578 1137 4644 tendentes
1166 4581 1200 4643 in
1227 4578 1329 4645 altum
1356 4581 1456 4645 multo
1485 4580 1597 4645 labore
1625 4590 1657 4645 et
1679 4578 1713 4643 in
1734 4600 1853 4663 magus
1874 4588 2064 4665 tempestate
2084 4580 2118 4643 iu
2141 4578 2290 4659 {Hebion}

623 4718 733 4760 sumus
755 4715 888 4759 reuersi.

686 4862 714 4925 s)
731 4864 893 4995 opportolrpd
903 4856 987 4913 BEd.
1016 4856 1059 4913 cf.
1077 4857 1254 4929 scriptionem
1273 4860 1420 4914 channae*
1436 4858 1505 4931 prol.
1524 4878 1545 4915 s.
1564 4864 1578 4914 3
1597 4876 1647 4929 pro
1666 4860 1817 4913 summm.
1838 4887 1869 4897 -
1887 4856 1915 4923 b)
1935 4858 1970 4910 ab
1988 4856 2039 4911 illo
2056 4856 2105 4911 Ed.
2121 4888 2151 4897 -
2170 4862 2196 4923 c)
2215 4859 2290 4913 inacta

757 4956 833 4995 mare
896 4986 900 4994 .

686 5098 755 5169 179)
782 5098 823 5153 ad
850 5095 1022 5171 penetralis
1055 5115 1174 5154 suoram
1201 5098 1369 5173 clarorum]
1408 5098 1437 5155 in
1478 5095 1574 5155 undus
1602 5115 1667 5155 esse
1694 5096 1791 5156 fertur.
1834 5092 1893 5154 Ssd
1922 5114 1987 5154 cum
2019 5092 2193 5153 Wilbrsudo
2225 5115 2292 5155 con·

622 5193 725 5254 domus
748 5213 856 5265 eornm,
877 5194 927 5272 qui
948 5194 1067 5253 mortuis
1089 5196 1162 5267 cari,
1183 5197 1340 5276 propinqui
1361 5202 1437 5257 sunt.
1480 5194 1568 5253 sentit
1584 5194 1907 5269 (Pseudo-platoniam
1924 5192 2044 5273 Martyr,
2064 5194 2114 5271 qui
2134 5212 2201 5253 sum
2215 5191 2290 5253 con-

687 5319 755 5388 180)
785 5326 915 5373 mortuo„
940 5316 1017 5392 m]
1055 5316 1131 5376 Mjm
1158 5336 1229 5377 ΜΘ
1257 5319 1339 5379 ΜΝ
1369 5319 1439 5379 1,su
1479 5294 1603 5353 stantiae
1624 5303 1724 5352 nutum
1745 5293 1841 5355 tradit.
1877 5293 1914 5353 V.
1937 5292 1993 5353 c.I
2014 5296 2076 5371 p.3
2100 5290 2146 5352 sd.
2160 5290 2292 5351 Tobleri.

622 5413 938 5474 Lu0,1x,601·elgfi
958 5414 1165 5493 flammatio,
1482 5391 1597 5451 Ciuitas
1624 5393 1723 5470 igitur,
1750 5412 1825 5471 quse
1853 5391 1901 5451 hic
1928 5390 2045 5466 dicitur,
2072 5394 2220 5450 destructa
2249 5400 2293 5451 est

687 5538 757 5607 181)
774 5535 900 5607 secundi
919 5568 959 5579 —
980 5536 1129 5612 domum]
1156 5535 1259 5597 Hom
1279 5538 1339 5620 Ep·
1363 5540 1387 5613 I,
1412 5546 1439 5602 5·
1480 5486 1662 5552 Constantia.

627 5639 679 5695 192
705 5630 839 5692 Fecunda
862 5633 966 5693 calice,
1007 5654 1075 5694 ,mm
1089 5654 1149 5694 ,m
1164 5635 1261 5697 fem
1277 5636 1439 5697 dimum,
1544 5593 1613 5663 184)
1634 5591 1665 5648 in
1687 5589 1807 5665 canone]
1827 5590 1857 5648 in
1879 5589 2009 5649 oratione
2030 5586 2148 5646 missali.
2184 5586 2292 5645 llxem·

688 5758 758 5828 ,⁸2,
783 5752 912 5830 Cam,
931 5754 960 5813 V
988 5655 1115 5816 {istium
1136 5778 1156 5816 v
1189 5762 1245 5819 ¹30
1478 5688 1528 5767 plo
1555 5696 1599 5747 est
1624 5687 1717 5747 forms
1737 5688 1843 5747 miaass
1865 5686 2073 5766 chrysostomo
2096 5684 2242 5764 adscripta
2262 5686 2292 5744 in

961 5805 968 5817 ι
1157 5805 1163 5818 .
1264 5780 1307 5839 sq.

1479 5782 1662 5863 Euchclogio
1695 5806 1801 5865 graeco
1829 5785 1930 5847 Iscobi
1957 5783 2045 5845 Goar-
2086 5782 2189 5845 Venet.
2215 5789 2291 5844 1730

689 5880 758 5950 183)
786 5874 890 5933 <tuitus
918 5907 956 5919 -
987 5879 1183 5957 Epiphanius}
1215 5879 1342 5943 Sanetus
1369 5882 1439 5963 Epi·
1478 5881 1529 5943 tol.
1553 5888 1601 5959 58,
1621 5883 1671 5943 ubi
1691 5885 1799 5958 Basilii,
1821 5882 1963 5963 Gregorii,
1983 5882 2147 5956 Athanasii,
2169 5882 2292 5942 aliorum

623 5975 749 6055 phanias
768 5972 858 6050 vulgo
881 5972 1100 6058 Eleutheropoli
1121 5979 1151 6038 in
1172 5979 1283 6041 Iudaea
1308 5982 1365 6041 sits
1385 5984 1439 6042 ori·
1479 5982 1599 6041 nomina
1620 5984 1668 6062 pie
1688 5992 1881 6043 recensentur.
1955 6057 1962 6072 ι
