5284 7042
1417 711 1456 772 ⁷0

599 883 684 970 ginis
705 883 835 950 auditur
858 885 1012 971 strepitus
1034 883 1102 948 eius
1122 881 1182 948 sub
1202 894 1291 948 terra
1312 885 1536 954 descendentis
1560 887 1603 953 ad
1624 886 1730 954 locum
1750 890 1856 958 istum.
1889 891 2069 976 Iunguntur
2087 896 2119 958 ei
2138 894 2270 982 insuper

600 1021 683 1088 aque
705 1009 858 1064 exeuntes
878 998 919 1063 ds
940 999 1075 1085 piscinis
1095 999 1177 1079 istis,
1200 1007 1231 1064 et
1253 1000 1300 1064 sic
1321 1023 1432 1068 omnes
1454 1003 1654 1070 descendunt
1671 1007 1707 1069 iu
1728 1003 1847 1072 uallem
1871 1008 2118 1088 serame),
2139 1027 2201 1095 que
2222 1007 2270 1072 di-

600 1116 684 1182 citur
706 1116 809 1180 eciam
830 1114 921 1180 locus
947 1113 1135 1194 rassae).
1172 1114 1297 1202 Inque
1317 1116 1401 1183 ualle
1422 1129 1474 1185 est
1492 1119 1578 1207 lapis
1598 1124 1745 1184 20561615.
1779 1120 1906 1186 ibidem
1927 1132 1976 1186 est
1995 1121 2099 1188 eciam
2118 1123 2192 1186 fona
2208 1125 2269 1185 Bo-

597 1231 731 1314 961119),
765 1230 821 1295 ubi
847 1229 1060 1307 Adouias⁴⁹b
1093 1229 1171 1294 fecit
1201 1233 1381 1298 conuiuium
1416 1234 1529 1300 uolens
1556 1256 1705 1320 regnare.
1750 1234 1878 1301 Ibidem
1904 1237 2008 1302 eciem
2041 1235 2185 1324 sepultus
2210 1238 2270 1302 fuit

599 1345 727 1428 Ysaias,
750 1347 806 1431 qui
826 1347 920 1410 iuxta
939 1344 1060 1408 fontem
1076 1342 1164 1410 Siloe
1186 1367 1276 1412 serra
1297 1349 1359 1413 fuit
1380 1351 1568 1428 sectusffl).
1611 1349 1676 1430 Qui
1696 1349 1787 1415 locus
1811 1349 1911 1418 distat
1931 1351 1974 1416 ab
1995 1352 2058 1418 isto
2079 1351 2152 1438 plus
2173 1373 2269 1439 quam

598 1463 706 1528 iacere
728 1473 835 1548 potest
858 1481 962 1526 meus.
984 1495 1026 1506 —
1046 1459 1091 1524 ut
1113 1471 1187 1526 sunt
1208 1461 1280 1528 loca
1300 1463 1358 1530 illa
1378 1468 1586 1532 amenissima
1605 1480 1638 1532 et
1658 1469 1722 1532 orti
1735 1477 1768 1530 et
1783 1466 1952 1548 uiridaria,
1975 1478 2006 1532 et
2024 1466 2150 1533 deliciis
2165 1467 2269 1553 plenu,

600 1586 632 1642 et
652 1587 778 1642 torrens
799 1576 928 1644 Cedros
947 1579 1034 1660 rigat
1056 1598 1102 1642 ea

725 1692 831 1779 Super
853 1693 937 1758 hunc
958 1691 1064 1756 locum
1085 1703 1133 1757 est
1156 1717 1237 1756 mons
1259 1699 1509 1774 offersionem).
1551 1695 1597 1762 Et
1614 1693 1708 1762 lucus
1728 1697 1788 1762 suit
1808 1699 1843 1761 in
1863 1695 1949 1761 ualle
1969 1699 2032 1763 ists
2045 1699 2117 1779 ⁴⁹⁰),
2141 1709 2172 1762 et
2192 1699 2267 1762 nsi·

601 1807 796 1886 ciebantffl)
818 1807 901 1872 filios
924 1829 999 1873 suos
1020 1829 1079 1893 per
1100 1809 1218 1893 ignem,
1240 1817 1272 1872 et
1293 1809 1442 1876 colebant
1462 1811 1551 1878 idola
1569 1811 1624 1876 ibi.

723 1923 795 1988 Hec
819 1923 859 1988 de
881 1923 953 2004 hiis,
977 1945 1039 2010 que
1059 1933 1132 1988 sunt
1154 1923 1241 1988 dicta
1263 1925 1353 1990 circa
1374 1927 1555 2009 ciuitatem,
1578 1925 1748 1991 sufficiant.

567 2040 582 2091 2
723 2040 809 2105 Nota
830 2061 918 2124 ergo,
941 2037 1027 2126 quod
1048 2037 1121 2103 loca
1141 2037 1243 2103 multa
1264 2051 1379 2104 sancta
1400 2044 1530 2107 suntin
1551 2044 1682 2108 ciuitate
1703 2042 1747 2107 ad
1767 2042 1970 2108 deustionem
1991 2043 2193 2122 excitancis,
2215 2050 2270 2111 nt

600 2155 686 2242 quod
713 2155 782 2220 dies
816 2177 881 2219 non
908 2154 1026 2219 sufficit
1053 2153 1096 2218 ad
1122 2153 1344 2241 peragendum
1373 2157 1509 2244 singula.
1552 2161 1687 2220 Ecclesia
1715 2168 1824 2224 tamen
1844 2160 1943 2220 sancti
1963 2159 2163 2238 6600160119)
2185 2168 2269 2221 tenet

599 2273 684 2338 inter
705 2273 813 2338 omnia
834 2271 1062 2357 principatum.

723 2386 872 2452 Ecclesia
894 2387 958 2450 ista
978 2385 1116 2450 rotunda
1136 2395 1195 2467 est,
1216 2395 1248 2450 et
1270 2386 1369 2451 habet
1385 2410 1445 2474 per
1465 2386 1660 2454 diametrum
1677 2389 1761 2452 inter
1783 2387 1971 2474 columpnas
1991 2382 2138 2452 LXXIII
2157 2385 2269 2474 pedes,

600 2513 710 2590 preter
730 2501 877 2584 absides,
904 2523 966 2586 que
995 2499 1116 2566 habent
1135 2523 1194 2586 per
1216 2503 1387 2568 circuitum
1406 2525 1426 2568 a
1446 2526 1538 2569 muro
1560 2505 1715 2570 exteriori
1735 2503 1869 2568 ecclesie
1889 2503 1992 2567 XXX
2011 2502 2122 2590 pedes.
2164 2505 2270 2588 Super

601 2617 785 2705 sepulcrum
811 2617 961 2699 Domini,
995 2616 1082 2704 quod
1112 2629 1161 2682 est
1191 2618 1225 2681 in
1256 2619 1363 2683 medio
1393 2617 1549 2702 ecclesie,
1578 2629 1629 2684 est
1654 2628 1807 2706 apertura
1827 2617 2050 2700 rotunda⁴⁰³),
2080 2619 2128 2682 its
2147 2630 2183 2682 ut
2201 2628 2270 2682 tota

602 2741 750 2822 crypta⁸)
773 2731 915 2818 sepulcri
937 2733 979 2797 sit
1001 2731 1061 2796 sub
1084 2731 1169 2800 diuo.

728 2852 899 2929 Golpatana
922 2855 1030 2912 autem
1050 2851 1175 2910 ecclesia
1196 2846 1331 2913 adheret
1350 2849 1415 2930 isti,
1436 2862 1468 2912 et
1489 2859 1538 2914 est
1558 2849 1697 2936 oblonga
1708 2898 1717 2933 ,
1738 2848 1809 2916 loco
1832 2847 1921 2914 chori
1941 2847 2076 2913 ecclesie
2098 2850 2200 2913 sancti
2221 2869 2270 2913 se·

602 2965 706 3053 pulcri
728 2963 891 3044 adiuncta,
914 2963 972 3027 sed
995 2985 1108 3049 parum
1130 2961 1308 3028 demissior.
1352 2962 1436 3028 Sunt
1454 2975 1563 3029 tamen
1584 2965 1678 3032 ambe
1700 2965 1761 3030 sub
1782 2987 1845 3030 uno
1865 2974 1961 3029 tecto.

725 3078 903 3167 Spelunca,
924 3079 1040 3166 inqua
1063 3089 1111 3142 cst
1131 3083 1299 3158 sepulcrum
1320 3083 1457 3160 Domini,
1476 3079 1575 3145 habet
1594 3083 1629 3146 in
1648 3079 1850 3167 longitudine
1867 3079 1946 3145 VIII
1965 3079 2080 3166 pedes,
2107 3080 2142 3145 in
2162 3077 2268 3144 latitu-

601 3196 677 3261 dine
698 3194 845 3261 similiter
868 3193 963 3276 VIII,
991 3193 1133 3258 exterius
1158 3193 1299 3280 undique
1320 3205 1407 3258 tecta
1426 3217 1604 3278 marmore,
1635 3195 1693 3261 sad
1712 3197 1847 3261 interius
1869 3204 1919 3259 est
1938 3217 2036 3281 rupes
2057 3194 2160 3276 nuda,
2187 3197 2272 3260 sicut

599 3312 660 3378 fuit
689 3313 724 3376 in
750 3322 895 3397 tempore
925 3309 1099 3397 sepulture.
1143 3307 1271 3374 Ostium
1292 3307 1336 3373 sd
1354 3308 1439 3374 hanc
1460 3311 1646 3398 speluncam
1669 3313 1835 3389 intrst⁴⁹⁴)
1859 3311 1900 3376 ab
1923 3311 2062 3392 oriente,
2092 3309 2268 3376 demissum

598 3427 695 3492 ualde
717 3435 749 3492 et
770 3448 916 3514 paruum.

724 3541 852 3606 Tumba
878 3563 956 3606 nero
987 3541 1092 3604 sancti
1121 3539 1261 3627 sepulcri
1294 3541 1411 3607 estad
1441 3542 1590 3608 dextram
1610 3546 1761 3608 intrantis
1782 3543 1875 3607 iuxta
1896 3542 2054 3629 parietem
2074 3539 2117 3605 ad
2141 3552 2266 3626 septen·

599 3661 751 3740 trionem,
771 3657 812 3722 de
832 3679 994 3721 marmore
1015 3655 1115 3740 grisei
1135 3654 1265 3739 coloris,
1297 3656 1365 3722 alta
1383 3680 1404 3722 a
1424 3659 1594 3745 superficie
1614 3659 1793 3745 pauimenti
1813 3657 1917 3722 tribus
1937 3654 2069 3743 palmis,
2095 3655 2193 3741 longa
2213 3677 2267 3742 pe

600 3773 695 3840 dibus
718 3773 806 3856 VIII,
829 3773 912 3836 sicut
931 3780 980 3836 est
997 3772 1133 3836 interius
1154 3771 1227 3857 ipsa
1248 3777 1399 3860 cryptae)
1422 3775 1492 3838 siue
1514 3771 1688 3860 spelunea,
1710 3785 1804 3838 etex
1826 3779 1912 3839 omni
1933 3782 2028 3858 parte
2053 3770 2181 3854 clausa3
2210 3793 2268 3836 nec

598 3890 706 3954 lumen
729 3898 833 3975 potest
854 3886 968 3952 haberi
988 3888 1181 3952 intrinsecus
1204 3887 1245 3952 ab
1268 3889 1472 3971 extrinseco,
1500 3891 1576 3975 quia
1597 3891 1738 3954 fenestra
1766 3900 1914 3971 nonest,
1942 3891 2072 3954 mittens
2093 3887 2201 3951 lumen
2220 3887 2268 3950 iu·

599 4017 659 4071 tus.
702 4004 767 4070 Sed
789 4003 930 4090 pendent
950 4002 1000 4068 IX
1021 4002 1189 4089 lampades
1212 4026 1308 4091 super
1331 4005 1516 4092 sepulcrum
1534 4005 1677 4088 Domini,
1697 4007 1917 4070 ministrantes
1937 4005 2045 4070 lumen
2065 4003 2162 4067 intus.
2192 4001 2268 4067 Alia

666 4175 693 4242 a)
712 4169 817 4240 scripta
834 4169 874 4222 St.
894 4197 923 4206 -
944 4166 971 4236 b)
988 4165 1093 4236 empta
1110 4163 1151 4220 St

598 4327 741 4368 conversa
760 4305 969 4384 Hierosolyma
988 4304 1204 4380 transmigravit
1224 4305 1413 4384 imperatoris
1453 4307 1523 4378 sut,
1544 4325 1603 4385 quo
1622 4314 1697 4366 teste
1715 4323 1794 4364 nunc
1813 4324 1911 4364 morus
1931 4323 2023 4386 prope
2043 4305 2154 4364 fontem
2166 4301 2268 4363 Silouh

600 4405 716 4466 Claudii
737 4405 925 4484 temporibus.
969 4401 1014 4462 Of.
1036 4401 1130 4462 Ritter
1149 4401 1191 4462 X.
1213 4407 1281 4464 252.
1452 4414 1630 4464 monstratur
1655 4414 1803 4482 tanquam,
1834 4403 1916 4463 locus
1945 4403 2113 4483 sepulturae
2141 4405 2266 4464 Iesaiae.

660 4509 733 4578 484)
756 4502 925 4578 Oelcnnonl
952 4501 1094 4561 Hinnom.
1143 4499 1180 4562 V.
1208 4500 1321 4561 Tables
1350 4501 1413 4562 To·
1452 4503 1572 4582 Inspice
1592 4501 1787 4563 Vandevsldii
1805 4501 2060 4582 ichnographiadr,
2077 4503 2108 4561 in
2129 4522 2188 4582 qua
2208 4523 2268 4562 mo-

598 4621 681 4684 pogr.
703 4624 732 4664 v.
752 4603 852 4662 16006.
873 4601 913 4662 II.
935 4605 973 4662 39
996 4621 1059 4681 sqq.
1454 4621 1503 4661 rus
1524 4601 1576 4660 illa
1596 4601 1774 4680 lepidissime
1795 4601 1874 4680 picta
1893 4621 1953 4661 non
1974 4599 2163 4661 desideratur.

661 4706 732 4775 485)
756 4699 876 4777 I’ophet]
898 4698 1039 4779 Thaphet
1060 4718 1082 4758 6.
1098 4696 1220 4777 I'ophet
1241 4697 1332 4758 altare
1352 4709 1415 4759 erat
1516 4703 1588 4773 489)
1604 4719 1686 4758 mons
1709 4698 1888 4776 offlmionis]
1912 4718 1991 4758 nnnc
2007 4699 2159 4759 Dschebel
2172 4700 2268 4760 Buten

597 4801 628 4859 in
656 4799 733 4858 valle
755 4796 800 4858 Ge
823 4799 886 4858 Bon
908 4797 1048 4858 Hinuom.
1091 4795 1127 4857 V.
1150 4795 1263 4856 Tobler
1284 4797 1362 4877 Top.
1383 4819 1413 4862 v,
1454 4797 1600 4858 61-Η669.
1642 4797 1689 4858 cf.
1709 4796 1821 4858 Toblsr
1839 4797 1896 4856 Die
1917 4796 2046 4877 Siloabq.
2068 4818 2099 4878 p.
2119 4803 2247 4860 77—81.

597 4895 840 4970 samalaud,
866 4898 916 4977 qui
938 4896 1025 4957 docet
1045 4893 1207 4955 Burcbardi
1231 4897 1414 4967 senteutiam,
1515 4901 1587 4971 490)
1609 4897 1641 4956 in
1667 4899 1745 4956 salle
1770 4895 1838 4971 ista]
1870 4894 2044 4957 Gabennon.
2087 4894 2132 4956 cf.
2153 4896 2266 4956 Toblsr

599 4997 648 5075 qui
671 4996 792 5076 Topbet
820 4995 899 5056 idern
925 5015 990 5056 esse
1019 5005 1116 5056 censet
1137 4993 1217 5075 qnod
1238 4992 1413 5068 Gehennon,
1456 4994 1754 5075 Topogr.v.Jeras.
1777 4995 1887 5056 1145.

599 5095 762 5154 confirmari
784 5094 956 5154 auctoritate
974 5094 1118 5154 Ieremias
1139 5092 1211 5152 VH.
1234 5094 1282 5153 32.
1517 5097 1589 5168 491)
1618 5093 1804 5168 traiciebant]
1831 5092 2031 5154 traducebant
2079 5092 2125 5154 cf.
2155 5093 2265 5154 Esecla

661 5198 732 5268 486)
752 5199 828 5269 sons
859 5193 962 5271 Ropell
1000 5193 1089 5252 Hunc
1122 5191 1284 5252 Burcbardi
1316 5191 1414 5251 locum
1454 5192 1527 5253 XX.
1549 5197 1597 5254 at.

600 5301 812 5352 commentatur
838 5301 867 5352 st
895 5293 927 5352 in
950 5311 1020 5352 usus
1050 5311 1118 5351 snos
1141 5291 1283 5350 convertit
1303 5289 1413 5350 Robin·
1516 5295 1589 5365 492)
1610 5290 1734 5350 ecclesia
1753 5290 1852 5350 sancti
1871 5292 2011 5370 sepulcri]
2035 5289 2132 5366 Quam
2152 5309 2266 5350 summa

599 5409 689 5450 sonus
702 5391 819 5452 Pal.II.
841 5397 896 5453 140
911 5411 956 5471 sq.
985 5391 1065 5450 Fons
1078 5388 1223 5466 Regelab
1237 5389 1413 5450 aliisHiobo
1455 5411 1521 5450 cum
1541 5389 1694 5468 diligentia
1711 5389 1848 5449 describit
1862 5389 2010 5452 'l'oblerus
2022 5391 2096 5451 libro
2113 5391 2264 5468 inscripto:

599 5496 630 5547 st
647 5487 757 5548 Iacobo
779 5489 964 5550 adscribitur:
986 5511 1013 5551 v.
1036 5486 1149 5549 Toblsr
1170 5487 1248 5570 Tap.
1271 5509 1298 5550 v.
1312 5487 1413 5554 Jerus.
1454 5487 1611 5566 Golgatba,
1633 5489 1683 5568 qui
1702 5487 1810 5568 prodiit
1829 5489 1907 5548 Fani
1926 5487 2027 5549 Sancti
2046 5487 2127 5549 Galli
2148 5499 2177 5549 et
2196 5489 2264 5549 Ber-

600 5608 629 5667 p.
650 5591 687 5648 59
704 5607 746 5666 sq.
1453 5606 1510 5646 nae
1535 5592 1622 5649 1851.

664 5689 737 5760 487)
758 5687 899 5764 Adonias]
922 5687 1030 5767 IReg.
1052 5689 1077 5748 1.
1094 5693 1121 5749 9.
1517 5688 1589 5759 493)
1618 5693 1764 5761 apertura
1796 5683 1936 5759 rotunda]
1972 5681 2009 5742 V.
2039 5681 2152 5745 Tobler
2177 5684 2263 5764 Golg.

661 5787 733 5860 488)
754 5805 842 5843 serra
864 5787 929 5859 snit
954 5787 1059 5862 sectus]
1085 5786 1122 5846 V.
1145 5783 1259 5844 Tobler
1280 5783 1412 5864 Topogr.
1453 5805 1482 5864 p.
1503 5788 1570 5845 125.

600 5905 628 5946 v.
650 5883 750 5946 Jerus.
771 5884 812 5943 H.
836 5889 906 5946 205.
947 5885 994 5945 De
1016 5905 1125 5964 quercu
1145 5883 1254 5961 Rogel,
1277 5881 1411 5961 subque
1515 5887 1586 5956 494)
1614 5884 1784 5958 speluncam
1811 5879 1914 5955 intrat]
1941 5879 2079 5938 Fortasse
2105 5880 2263 5958 legendnm

599 5984 711 6044 Issaias
726 5983 858 6064 sepultus
873 5983 963 6044 luisse
978 5984 1089 6058 dicitur,
1101 6005 1128 6044 v.
1144 5982 1257 6042 'I'obler
1267 6001 1295 6060 p.
1309 5985 1411 6041 203—
1451 5992 1497 6042 est
1515 5983 1657 6041 intratur.
