5284 7042
1434 717 1469 775 tt

773 900 922 958 monneto.
952 895 958 970 Ι
991 893 1124 978 Aliquot
1156 893 1332 977 insignium
1361 893 1519 976 loloorum
1551 905 1659 958 terrae
1691 904 1822 956 sanctae
1855 889 2030 978 explicatio
2065 904 2096 954 ct
2122 890 2280 956 historiae

774 1033 834 1098 per
851 1012 856 1090 Ι
874 1008 1061 1096 Philippum
1082 1007 1348 1090 Melanlthonem.
1389 1007 1609 1094 Witebergae.
1648 1005 1844 1073 Excudebat
1863 1006 2031 1073 lohannes
2048 1007 2146 1072 Lufft.
2182 1005 2277 1070 Anno

774 1124 1019 1190 MIauxxlx

731 1241 941 1307 Burchardus
961 1240 1078 1326 legitur
1100 1263 1176 1326 pag.
1198 1245 1370 1308 tto—285.
1411 1239 1573 1328 Exempla
1593 1239 1669 1305 libri
1691 1251 1765 1304 sunt
1785 1239 1929 1304 Berolini
1949 1249 1980 1304 ct
2002 1237 2195 1322 Hamburgi.

614 1379 730 1451 11111111)
757 1377 820 1450 Χ]
843 1397 932 1458 1587.
961 1393 1164 1468 ll'itteberqne.
1190 1395 1219 1456 8.

776 1507 827 1572 W.
849 1506 961 1571 Koner
983 1505 1022 1568 V.
1042 1504 1084 1569 D.
1112 1527 1173 1590 pro
1204 1525 1242 1568 ea
1271 1527 1335 1591 qua
1362 1518 1410 1569 cst
1431 1505 1630 1570 humanitate
1655 1527 1706 1569 me
1737 1507 1908 1569 certiorem
1937 1503 2032 1585 fecit,
2060 1502 2225 1567 asserturi
2246 1501 2278 1566 in

775 1621 978 1687 Bibliotheca
998 1619 1102 1705 Regia
1117 1619 1319 1685 Berolinensi
1339 1621 1511 1686 editionem
1532 1619 1608 1685 libri
1628 1621 1764 1685 Peueeri
1785 1619 1825 1683 de
1843 1619 2041 1684 dimensione
2059 1631 2176 1698 torrae,
2197 1639 2279 1704 quae

777 1737 898 1825 prodiit
919 1759 1002 1801 anno
1028 1742 1116 1818 1587,
1139 1745 1170 1800 11
1192 1737 1225 1799 in
1249 1759 1286 1800 ea
1308 1759 1329 1800 a
1349 1759 1425 1824 pag.
1444 1736 1520 1801 inde
1541 1743 1602 1804 2111
1622 1737 1727 1801 inesse
1740 1734 1976 1800 Burchardum.
2018 1733 2115 1814 Quod
2127 1735 2279 1819 ignorant

777 1865 809 1919 et
828 1853 1057 1918 Beckmannus
1080 1863 1110 1914 et
1133 1851 1246 1916 Victor
1268 1851 1423 1917 Clericus.
1462 1851 1524 1917 Est
1544 1853 1641 1916 etiam
1663 1851 1803 1916 Londini
1822 1853 1856 1914 in
1876 1848 2070 1915 bibliothece
2085 1849 2187 1914 Musei
2201 1849 2274 1914 Bri·

773 1971 905 2034 tannici.
948 1967 1022 2031 Vid.
1045 1967 1138 2032 catal.
1159 1967 1263 2032 Lond.
1288 1975 1367 2036 1817
1387 1967 1449 2033 vol.
1471 1969 1502 2032 V
1522 1967 1655 2055 plagula
1676 1967 1703 2031 Z
1725 1990 1801 2054 pag.
1824 1975 1853 2033 t.

610 2109 729 2182 Bilitio
752 2105 835 2178 XII
854 2120 1170 2196 1581119111191
1203 2124 1231 2182 s.

775 2232 982 2300 Borchardus
1003 2229 1179 2295 monachus
1202 2231 1393 2297 Germanus.
1433 2233 1620 2319 Descriptio
1647 2241 1753 2294 terrac
1782 2242 1913 2296 sanctae
1935 2242 1966 2294 ct
1988 2231 2155 2315 regionum
2177 2231 2272 2294 finiti·

774 2373 909 2414 marum.
951 2348 1031 2412 Item
1052 2349 1252 2412 itinerarium
1273 2347 1603 2436 Hierosolymitanum
1624 2346 1865 2411 Bartholomaei
1887 2345 1927 2410 de
1949 2343 2144 2430 Saligniaco.
2185 2345 2276 2430 blag-

774 2466 920 2550 deburgi.
952 2467 1090 2529 15811.

734 2600 828 2665 Hanc
857 2595 1029 2660 editionem
1057 2609 1204 2660 asservat
1224 2596 1428 2661 Bibliotheca
1452 2597 1543 2682 regia
1564 2593 1795 2660 Berolinensis.
1838 2594 1931 2674 Quae
1956 2610 2169 2680 componatur
2199 2593 2272 2657 licet

611 2739 683 2780 curn
706 2714 789 2780 libro
811 2711 995 2796 Hamburgi
1018 2721 1183 2775 asservato
1206 2713 1379 2798 inscripto:

736 2847 943 2911 Itinerarium
967 2866 1079 2908 sacrae
1103 2845 1293 2930 scripturae,
1315 2843 1376 2907 hoc
1397 2854 1447 2907 est
1467 2858 1599 2908 sanctae
1620 2853 1727 2906 terrae
1748 2844 1979 2928 regionumque
1999 2842 2209 2906 finitimarum
2223 2839 2273 2904 de·

611 2964 758 3050 scriptio,
780 2963 994 3048 complectens
1018 2959 1194 3025 secundum
1217 2959 1329 3024 literas
1351 2981 1424 3022 cum
1446 2971 1607 3024 recentem
1628 2957 1960 3044 Hierosolymitanam
1985 2957 2026 3022 de
2047 2955 2144 3022 rebus
2167 2957 2279 3020 Sarra·

612 3081 745 3160 cenicis,
775 3078 923 3145 Tuscicis
951 3087 981 3140 et
1002 3075 1201 3157 Tartaricis,
1234 3087 1301 3138 turn
1328 3073 1486 3158 reliquam
1515 3072 1706 3139 orientalem
1726 3075 1910 3156 historiam,
1941 3075 1975 3139 in
1997 3073 2175 3138 Germania
2197 3095 2279 3136 1111

612 3197 750 3282 primum
780 3197 813 3258 in
841 3192 945 3258 lucem
976 3191 1062 3256 edita
1091 3193 1111 3255 h
1142 3189 1391 3255 Bartholomseo
1418 3189 1458 3254 de
1485 3189 1688 3275 Saligniaco,
1716 3189 1835 3276 Equite
1860 3201 1892 3254 et
1915 3189 2147 3256 Iurisconsulto
2176 3187 2283 3254 Gallo.

611 3309 843 3396 Magdeburgi,
871 3306 1053 3373 exundabat
1073 3305 1193 3370 Paulus
1216 3305 1380 3387 Donatus,
1408 3307 1563 3392 impensis
1584 3305 1750 3392 Ambrosij
1772 3305 1938 3385 Kircheri,
1965 3328 2050 3371 anno
2071 3304 2281 3371 ulixem.

611 3427 694 3492 Cum
715 3427 821 3512 gratia
841 3433 873 3488 et
895 3421 1066 3508 privilegio
1088 3431 1120 3485 et
1142 3443 1172 3506 q.
1195 3443 1221 3484 s.

734 3555 829 3620 Hanc
850 3555 1095 3642 inscriptionem
1117 3553 1240 3638 excipit
1261 3551 1420 3638 praefatio
1442 3555 1490 3618 sic
1511 3555 1688 3641 inscripta:

734 3687 888 3773 Equestri
910 3695 941 3750 et
958 3696 1083 3749 vetusto
1104 3687 1231 3770 generis
1254 3683 1434 3771 splendore,
1459 3685 1608 3750 doctrina
1628 3698 1659 3750 et
1680 3689 1798 3750 virtute
1819 3685 2018 3752 nobilissimo
2040 3689 2121 3768 siro,
2152 3687 2281 3752 domino

612 3802 775 3868 Inaehimo
802 3799 844 3866 ab
865 3799 1100 3882 Aluenslebcn,
1133 3799 1261 3866 domino
1284 3799 1433 3866 Erxlebii
1455 3813 1529 3882 etc,
1554 3813 1692 3888 patrono
1714 3803 1978 3888 exoptatissimo,
2005 3803 2039 3868 S.
2060 3803 2103 3866 D.
2124 3802 2282 3867 Reinerus

613 3919 803 3984 Reineooius
817 3915 1040 3982 Steinhemius.
1084 3915 1175 3996 Quas
1197 3916 1356 4003 praelatio
1378 3939 1475 4000 quum
1497 3915 1573 3981 data
1590 3919 1632 3982 sit
1649 3917 2025 4000 ann0M.D.Lxxxv1,
2049 3919 2192 4002 sequitur
2210 3940 2281 3983 earn

613 4035 778 4121 pertinere
798 4032 840 4096 ad
862 4032 1034 4097 editionem
1057 4033 1132 4096 anni
1157 4039 1243 4100 1587.

735 4165 855 4251 Incipit
882 4163 1032 4230 volumen
1060 4163 1183 4229 alibro
1205 4163 1402 4246 Burchardi,
1429 4167 1520 4230 euius
1540 4166 1574 4230 in
1595 4166 1659 4230 fine
1681 4165 1761 4230 haec
1790 4177 1839 4229 est
1860 4165 2072 4250 subscriptio:
2099 4165 2201 4230 Liber
2229 4165 2282 4229 de-

614 4283 798 4368 scriptionis
830 4290 937 4345 terrae
970 4291 1100 4346 sanotae
1128 4279 1295 4368 eidemque
1323 4281 1538 4344 adiacentium
1570 4283 1754 4366 regionum,
1787 4279 1893 4347 editus
1924 4279 1967 4344 ab
1999 4279 2220 4345 eruditissimo
2251 4294 2282 4343 et

614 4396 822 4462 deuotissimo
852 4407 945 4482 patre
974 4395 1098 4460 ordinis
1120 4395 1397 4482 praedicatorum,
1424 4396 1613 4461 Professore
1633 4397 1824 4461 Borchardo
1845 4395 2020 4479 Alemano,
2043 4393 2185 4482 explicit.
2228 4394 2283 4460 Se-

615 4517 722 4600 quitur
745 4511 861 4576 deinde
882 4534 968 4576 nova
990 4513 1175 4598 inscriptio:
1203 4511 1409 4576 Itinernrinm
1429 4512 1590 4578 Hierosol.
1611 4512 1854 4578 Bartholomaei
1876 4511 1916 4576 de
1937 4511 2137 4598 Saligniaco,
2159 4513 2280 4600 equitis

613 4641 645 4694 et
677 4627 885 4694 iureconsulti
914 4625 1018 4709 Galli,
1053 4629 1233 4714 praemissa
1268 4627 1410 4692 eiusdem
1437 4630 1584 4692 oratione
1616 4627 1657 4692 de
1683 4627 1833 4692 laudibus
1862 4637 1969 4693 terrae
1996 4640 2137 4692 sanctae.
2184 4627 2279 4692 Auno

613 4743 908 4810 M.D.LXXXVII.

736 4875 861 4942 Eodem
892 4897 955 4961 quo
985 4895 1045 4939 nos
1065 4875 1141 4940 libri
1167 4873 1317 4962 exemplo
1335 4873 1566 4960 hamburgensi
1595 4898 1672 4941 usus
1694 4889 1758 4958 est,
1788 4879 1852 4940 nisi
1870 4875 1980 4958 fallor,
2008 4875 2199 4957 Fabricius,
2229 4878 2283 4962 qui

613 4991 696 5058 Bibl.
717 4992 772 5056 lat.
794 4990 877 5056 med.
901 5001 934 5055 et
953 4991 1009 5054 inf.
1029 4991 1103 5054 Lat.
1124 5013 1155 5076 p.
1169 4997 1245 5058 775:
1268 4989 1333 5055 Sed
1354 4992 1547 5069 accuratius,
1568 4991 1687 5076 inquit,
1709 4993 1930 5078 integriusque
1944 4989 2192 5070 (Burchardunr)
2215 4989 2283 5054 uul-

614 5109 705 5194 gavit
725 5107 915 5172 Reineooius
939 5129 1012 5170 oum
1033 5107 1200 5171 itinerario
1222 5107 1381 5172 Hierosol.
1401 5106 1642 5172 Bartholomaei
1664 5109 1705 5172 de
1727 5107 1920 5192 Saligniaoo.
1950 5106 2168 5192 Magdeburgi
2194 5114 2282 5176 1587.

618 5227 705 5289 1593.
725 5224 770 5286 4⁰.
807 5223 846 5286 ln
867 5243 929 5308 quo
950 5220 1069 5285 iudicio
1090 5233 1179 5287 errat
1198 5221 1380 5287 Fabricius.

615 5355 735 5428 Editio
761 5355 864 5429 XIII
889 5375 975 5437 1593.
1003 5371 1208 5449 Maqeesurqi.
1238 5377 1266 5436 4.

778 5487 884 5551 Huius
911 5485 1061 5550 editionis
1082 5485 1252 5569 inscriptio
1273 5495 1360 5549 certe
1380 5485 1563 5571 Hambnrgi
1584 5495 1786 5566 asservatur,
1816 5507 1970 5573 eamque,
2000 5498 2036 5551 ut
2058 5496 2147 5573 patet
2168 5507 2210 5550 ex
2232 5487 2283 5560 iis,

780 5623 863 5689 quae
885 5601 927 5666 ad
948 5599 1119 5666 editionem
1133 5599 1200 5663 XII
1219 5603 1454 5684 annotavimus,
1475 5601 1518 5667 ab
1539 5601 1678 5666 editione
1690 5601 1757 5664 XII
1775 5601 1985 5686 inscriptione
2006 5613 2130 5666 tantum
2151 5599 2281 5665 differre

781 5719 994 5804 suspicamur,
1017 5714 1130 5780 eadem
1152 5723 1259 5780 textus
1281 5719 1466 5784 recensione
1487 5717 1548 5799 bis,
1573 5715 1632 5782 scd
1653 5715 1919 5802 inscriptionibus
1940 5719 2041 5782 variis
2063 5717 2158 5782 edita.

739 5850 890 5916 Ceterum
909 5848 1073 5913 Reineooii
1100 5846 1199 5912 editio
1223 5849 1357 5914 minoris
1379 5851 1475 5914 etiarn
1498 5850 1595 5935 pretii
1617 5857 1665 5912 est
1685 5871 1782 5934 quam
1803 5848 1944 5930 Veneta,
1978 5850 2067 5914 cuius
2089 5848 2195 5913 indice
2217 5849 2283 5935 pri·

616 5979 693 6031 vata
714 5976 772 6047 est,
793 5986 896 6052 neque
919 5975 989 6028 erat
1010 5964 1097 6051 quod
1115 5963 1267 6029 laudibus
1290 5965 1456 6030 efferretur
1477 5988 1498 6030 a
1516 5964 1670 6030 Fabricio
1693 5975 1724 6029 et
1744 5965 1962 6030 Beckmanno.
