5284 7042
1418 713 1460 774 58

602 903 655 952 tua
675 887 770 952 nimia
791 902 822 952 et
843 886 986 952 difficilis
1007 887 1051 953 ad
1072 886 1321 952 asemdendnm.
1357 887 1424 952 Sed
1443 903 1620 976 temptatus
1641 904 1690 952 est
1709 891 1745 952 in
1765 888 1830 953 alio
1849 890 2038 964 montem„
2056 893 2113 976 qui
2133 915 2192 979 per
2206 906 2276 959 tres

601 1003 711 1068 leucas
731 1003 830 1068 distat
853 1005 897 1069 ab
917 1007 996 1082 isto,
1017 1027 1117 1090 supra
1138 1007 1173 1068 in
1193 1004 1331 1086 desertq
1352 1028 1372 1069 a
1393 1003 1494 1069 latere
1514 1004 1628 1069 Bethcl
1649 1018 1681 1068 et
1700 1003 1778 1090 Ray
1800 1005 1944 1069 auanali.

551 1130 585 1180 κ
728 1118 849 1184 thtn
869 1119 1109 1200 Quarentcnam
1139 1121 1209 1184 fere
1234 1135 1389 1208 quantum
1413 1118 1466 1184 bis
1495 1135 1602 1206 potest
1631 1121 1740 1184 iacere
1760 1143 1856 1184 meus
1876 1125 1980 1185 oritur
1993 1127 2071 1197 soar
2090 1127 2271 1202 Helisei³⁸⁶J

602 1254 634 1300 et
660 1235 778 1307 effluit,
810 1237 901 1300 euius
926 1257 1028 1322 aquas
1054 1237 1182 1300 nnauit
1201 1235 1368 1303 Heliseus.
1398 1237 1477 1324 quia
1503 1257 1616 1301 amare
1642 1250 1738 1300 eraut
1761 1250 1794 1300 et
1823 1236 1959 1302 ster-iles.
1999 1237 2064 1302 llic
2088 1239 2161 1304 lluit
2180 1243 2274 1306 iuxta

601 1351 705 1416 locum
728 1351 867 1438 (ialgale
893 1373 914 1416 a
943 1367 1037 1438 parte
1058 1350 1277 1432 mosim„
1306 1365 1339 1416 et
1363 1351 1502 1438 impellit
1523 1373 1643 1437 magna
1669 1350 1874 1433 molendina,
1899 1367 1933 1416 et
1953 1367 2067 1440 postea
2090 1353 2216 1422 diuisus
2237 1359 2271 1423 in

603 1469 691 1532 rinos
717 1465 828 1554 plures
856 1469 943 1552 rigat
963 1466 1148 1532 calamellas
1170 1481 1201 1532 et
1223 1479 1312 1532 ortos
1333 1481 1365 1531 ct
1385 1466 1531 1532 iardinos
1553 1489 1656 1554 nsque
1674 1469 1709 1532 in
1728 1467 1855 1532 Iericho
1875 1481 1908 1532 et
1928 1469 2029 1550 inira,
2060 1483 2094 1535 et
2114 1471 2220 1537 inllnit
2237 1476 2270 1538 in

600 1581 784 1648 Iordanem.

552 1714 583 1764 a:
725 1697 821 1764 quta
838 1696 979 1784 Galgala
1000 1697 1042 1762 ad
1063 1697 1230 1762 dimidiam
1251 1697 1377 1762 leucam
1400 1711 1514 1763 contra
1535 1716 1679 1765 austrum
1700 1714 1748 1764 est
1771 1698 1867 1764 uallis
1879 1703 2058 1781 Actffltz,
2078 1701 2271 1785 submonte,

601 1811 657 1878 nbi
678 1812 842 1900 lapidatus
860 1813 921 1878 tuit
942 1813 1030 1878 idem
1051 1813 1162 1878 Acbor
1183 1835 1243 1900 pro
1264 1815 1350 1878 furto
1370 1813 1596 1879 anathematis.

551 1943 584 1992 ae
724 1928 777 1994 De
798 1927 947 2016 Galgalis
969 1945 1082 1996 matra
1101 1931 1256 1994 orientem
1279 1927 1321 1993 ad
1343 1953 1440 1994 unam
1462 1928 1586 1995 leucam
1605 1937 1724 1994 lerielo
1751 1934 1815 1996 sita
1836 1949 1901 2012 est,
1929 1933 2092 2020 quondam
2113 1935 2270 2020 gloriosa3

601 2065 687 2110 nuuc
708 2049 765 2110 uia
786 2059 859 2111 octo
878 2045 1009 2124 habev)
1031 2045 1154 2126 domos,
1175 2058 1207 2108 et
1232 2057 1308 2109 sunt
1328 2044 1374 2109 ibi
1395 2049 1533 2130 uestigia
1554 2045 1629 2112 uilis
1649 2047 1736 2126 uille,
1755 2061 1788 2111 et
1808 2051 1918 2114 omnia
1937 2064 2142 2115 monumenta
2164 2075 2268 2118 sacro·

602 2183 674 2226 rum
696 2159 840 2226 locorum
861 2163 895 2226 in
916 2183 955 2226 ea
976 2163 1103 2249 penitus
1125 2175 1199 2226 sunt
1221 2159 1336 2226 deleta.

551 2299 584 2348 si
725 2277 778 2342 De
797 2276 924 2342 Iericho
952 2277 1079 2343 duabus
1097 2277 1198 2342 leucis
1224 2275 1268 2340 ad
1289 2275 1461 2341 Iordanem
1490 2289 1540 2341 cst
1565 2283 1683 2358 capella
1703 2281 1735 2339 ia
1755 2284 1866 2344 tenore
1890 2285 1992 2343 meti
2009 2287 2155 2345 lucanis
2175 2289 2271 2364 bapti

600 2409 644 2458 ne
657 2395 712 2466 ³⁸⁸,
736 2395 838 2474 lacta,
864 2393 918 2458 ubi
941 2392 1084 2458 creditam
1104 2393 1263 2458 Dominus
1286 2391 1479 2479 baptizatus.
1522 2393 1668 2458 Credunt
1690 2409 1798 2460 mmen
1819 2396 1952 2482 quidam
1972 2399 2065 2462 iuxta
2086 2397 2187 2464 Salim
2209 2397 2270 2465 hoe

601 2509 720 2574 lactum
746 2531 827 2588 esse,
848 2507 905 2572 sed
924 2507 1061 2574 ecclesie
1082 2507 1268 2574 solemnitas
1289 2507 1365 2574 huic
1385 2509 1588 2576 contradicit.

725 2624 797 2706 Que
816 2624 903 2688 lacta
923 2625 1051 2689 suntin
1071 2623 1208 2704 Iericho,
1231 2626 1310 2688 satis
1332 2637 1409 2688 aunt
1428 2639 1516 2706 nota,
1536 2639 1569 2690 ct
1588 2625 1663 2690 ideo
1683 2627 1827 2692 scribere
1846 2627 1921 2692 nolo
1941 2651 1989 2692 ca.

549 2769 582 2818 40
723 2741 776 2806 De
797 2737 924 2806 Iericho
954 2739 1079 2806 duabus
1106 2738 1205 2804 leucis
1231 2743 1324 2804 iuxta
1351 2763 1442 2804 mare
1462 2755 1621 2806 mortuum
1643 2754 1692 2806 est
1713 2742 1980 2824 Bena9n⁶J³⁸⁰),
2008 2743 2065 2809 ubi
2086 2743 2146 2808 filii
2165 2744 2270 2810 Israel

599 2855 795 2942 planxerunt
817 2871 942 2944 patrem
965 2879 1057 2922 suum
1078 2855 1178 2922 Iacob
1199 2871 1373 2938 mortuom,
1394 2857 1524 2943 quando
1544 2881 1616 2922 com
1638 2858 1778 2923 tulerant
1797 2859 1839 2923 de
1851 2858 1994 2946 Egypto.
2028 2859 2140 2924 Distat
2159 2873 2268 2926 autem

599 2969 643 3036 ad
665 2993 762 3036 unam
782 2972 907 3038 leucam
928 2971 969 3038 de
988 2973 1135 3038 Iordane.
1177 2971 1220 3036 Et
1242 2971 1390 3038 habitant
1411 2973 1458 3038 ibi
1480 2973 1630 3037 monachi
1650 2977 1750 3060 greci.

548 3109 577 3160 41
722 3087 774 3154 De
793 3088 920 3155 Iericho
940 3089 1044 3154 tribus
1065 3087 1175 3168 leucis,
1197 3087 1231 3152 id
1252 3103 1301 3153 est
1320 3112 1385 3153 una
1406 3087 1448 3154 de
1461 3089 1587 3175 capella
1601 3091 1705 3154 sancti
1721 3089 1876 3155 Iohannis
1890 3090 1933 3154 ad
1948 3089 2198 3172 Iordanem³⁹⁰),
2219 3103 2269 3155 est

599 3227 680 3266 more
701 3217 855 3282 mortuom,
875 3204 961 3291 quod
982 3207 1084 3269 eciam
1105 3203 1196 3268 lacus
1218 3204 1381 3289 aspalti‘),
1403 3203 1506 3270 idest
1527 3202 1693 3270 bituminis
1714 3205 1765 3270 uel
1787 3229 1878 3271 mare
1900 3206 1979 3271 aulis
2001 3206 2128 3272 dicitur.
2175 3206 2265 3272 Istud

597 3317 715 3384 diuidit
727 3319 886 3386 Arabiam
900 3331 931 3384 et
943 3319 1086 3386 Iudeam.
1120 3319 1164 3385 Et
1180 3334 1228 3384 est
1243 3320 1426 3392 inliceret)
1441 3319 1590 3385 orientali
1603 3335 1692 3385 terra
1703 3320 1803 3386 Moab
1818 3335 1851 3386 et
1864 3323 2004 3387 Ammon
2017 3336 2049 3386 et
2065 3345 2158 3386 mous
2168 3321 2264 3407 Seyr,

598 3433 778 3522 dequibus
805 3433 925 3500 dictum
948 3449 997 3500 est
1017 3437 1203 3522 saprum),
1236 3451 1267 3500 et
1293 3435 1478 3501 extenditur
1504 3459 1606 3524 nsque
1627 3435 1736 3502 Cades
1755 3437 1863 3503 Barue
1889 3449 1921 3502 et
1943 3437 2106 3502 desertum
2126 3437 2266 3502 Pharan.

547 3577 580 3628 η
723 3549 913 3616 ostenditur
940 3553 1027 3616 circa
1059 3551 1198 3616 medium
1226 3554 1295 3616 eius
1322 3553 1356 3618 in
1384 3553 1492 3616 littore
1514 3551 1662 3616 orientali
1684 3558 1774 3614 Itone
1796 3555 1947 3634 reut⁸⁹²j=,
1979 3552 2067 3640 quod
2087 3555 2264 3639 antiquitus

599 3669 693 3728 Petro
713 3671 853 3742 desertis)
866 3669 925 3744 ³⁹³)
946 3667 1125 3748 dicebatur,
1147 3689 1231 3732 nunc
1252 3689 1330 3734 uero
1350 3669 1524 3744 tiroci³⁹⁴)
1546 3667 1674 3750 dicitur,
1694 3671 1851 3734 monitum
1874 3668 1980 3751 ualde,
2001 3668 2089 3756 quod
2106 3668 2264 3734 Baldewi·

664 3829 692 3882 ε)
707 3813 786 3868 tutet
802 3823 863 3868 octo
880 3813 914 3869 St
939 3845 971 3854 —
990 3815 1020 3879 b)
1037 3815 1162 3884 betduplu
1180 3814 1220 3870 St.
1240 3817 1311 3872 Betis
1331 3817 1428 3886 Haqlo
1446 3823 1489 3870 est
1505 3817 1645 3886 senptura
1663 3817 1801 3886 l'nlgatac
1825 3847 1858 3857 -
1881 3823 1909 3880 c)
1927 3819 1973 3871 De
1989 3816 2098 3872 Ierr'cio
2115 3817 2169 3872 ΠΙ
2181 3817 2264 3872 mco

734 3899 751 3952 i.
770 3897 808 3963 tid
825 3905 877 3970 est,
894 3897 1015 3954 Iorrlcsae
1036 3907 1062 3954 et
1081 3899 1190 3970 capello
1214 3902 1305 3956 suncti
1320 3901 1455 3955 Iohannis
1478 3907 1504 3954 et
1526 3918 1601 3953 mure
1623 3908 1757 3954 mortuam
1775 3903 1849 3967 qood
1861 3903 1949 3954 αιἀη
1970 3901 2050 3954 iocus
2066 3920 2126 3972 usp.
2143 3901 2185 3957 St.
2219 3903 2267 3955 De

731 3981 839 4034 Iericho
856 3983 943 4036 tritara
959 3983 1044 4038 leucis
1061 3985 1096 4038 cle
1112 3984 1234 4038 Iordane
1252 3991 1291 4038 rat
1306 3984 1416 4056 capello
1432 3983 1459 4040 b.
1476 4015 1508 4024 -
1525 3983 1556 4053 d)
1572 3984 1601 4038 iu
1619 3985 1712 4038 littore
1729 3986 1789 4039 eine
1806 3983 1834 4038 b.
1852 4013 1883 4028 ο-
1901 3991 1927 4050 e)
1941 3993 2039 4054 petras
2055 3986 2157 4039 ‹Iesnti
2171 3984 2210 4040 St

658 4123 729 4194 aet)
751 4121 782 4178 in
803 4121 864 4178 alio
885 4123 988 4199 monte]
1011 4121 1057 4182 CI.
1080 4121 1157 4201 hlag.
1173 4123 1336 4184 Thietmari
1359 4143 1408 4204 pe-
1513 4127 1584 4191 ³93]
1606 4125 1700 4182 Petro
1722 4123 1841 4200 deserti]
1865 4123 1942 4182 Tres
1955 4123 2042 4181 urbes
2057 4123 2161 4182 Petras
2173 4125 2266 4184 fuisse

595 4219 818 4298 regrinatlonem
838 4217 895 4280 xl.
920 4227 955 4282 to
976 4231 1006 4282 et
1024 4223 1243 4282 annotationem
1266 4229 1334 4286 374.
1449 4220 1600 4280 contendit
1613 4221 1790 4292 Ranmerus,
1813 4241 1936 4302 quarum
1950 4221 2027 4280 dnae
2039 4221 2145 4282 Petrae
2158 4221 2266 4281 deserti

656 4321 727 4392 385,
741 4323 818 4392 sons
837 4319 961 4396 Helices]
983 4340 1061 4380 nnnc
1082 4317 1149 4380 'Ain
1172 4319 1332 4382 es=Sultisn
1448 4321 1617 4380 nominatae
1629 4323 1696 4382 siut.
1720 4320 1758 4384 V.
1774 4321 1904 4381 llanmer
1915 4342 1947 4400 p.
1965 4323 2136 4381 stt-att.
2154 4319 2264 4380 Robin-

657 4420 728 4486 356,
750 4417 810 4476 Hic
831 4419 903 4494 fluit
930 4451 969 4462 -
994 4440 1014 4476 a
1038 4428 1130 4496 porte
1150 4421 1290 4496 unstrote]
1318 4419 1408 4495 Quod
1449 4419 1633 4479 seuientem
1654 4423 1800 4480 sententia
1814 4421 1884 4480 olim
1905 4440 1966 4479 ona
1979 4431 2095 4479 tantum
2111 4418 2214 4488 Petra,
2234 4426 2270 4478 et

594 4515 617 4572 si
638 4515 678 4573 ita
699 4525 751 4586 cst,
772 4535 831 4575 non
851 4527 948 4596 potest
970 4519 1049 4578 Iocus
1064 4518 1188 4596 Galgale
1208 4520 1407 4579 convenirem
1449 4537 1508 4576 nna
1523 4529 1635 4577 tautum
1648 4518 1738 4578 Petra
1751 4518 1867 4590 deserti,
1882 4539 1959 4598 quae
1974 4521 2011 4577 sit
2022 4517 2134 4588 Korok,
2146 4517 2266 4579 erstidt.

594 4623 725 4672 recentes
736 4611 886 4674 er·Riham
900 4615 949 4676 vel
963 4615 1122 4693 liobarlcr,
1136 4637 1155 4676 a
1172 4615 1277 4696 quibus
1292 4629 1409 4698 septen·
1449 4616 1487 4678 V.
1505 4616 1657 4678 Robinson
1679 4616 1743 4677 Pal.
1764 4617 1821 4678 III.
1844 4623 1912 4679 tet.
1951 4615 2029 4677 Illud
2049 4617 2168 4697 quidem
2189 4617 2266 4676 inter

592 4711 725 4783 trionem,
746 4731 805 4770 uon
827 4711 976 4772 meridiem
999 4735 1101 4776 versus
1121 4715 1184 4774 lluit
1205 4715 1271 4775 iona
1287 4715 1408 4778 Elisaei.
1449 4736 1560 4787 omnes,
1577 4717 1626 4796 qni
1648 4735 1727 4776 nnnc
1746 4725 1822 4790 aaut,
1842 4716 2030 4797 geographos
2052 4728 2181 4787 constat,
2206 4716 2263 4776 Pe·

656 4813 727 4884 ³87)
749 4809 840 4868 nullis
859 4811 966 4888 alcheri
989 4813 1028 4874 V.
1049 4815 1142 4875 Ritter
1162 4813 1223 4874 XV
1245 4818 1296 4888 (l).
1318 4823 1387 4877 541.
1448 4826 1523 4874 tram
1552 4814 1658 4875 deserti
1691 4835 1751 4874 uon
1778 4815 1869 4874 luisse
1895 4815 2026 4875 hIontem
2053 4815 2200 4893 regalem,
2231 4824 2265 4874 nt

657 4911 728 4984 338,
751 4911 867 4986 capello
891 4911 910 4972 i.
939 4913 967 4974 Ιι.
988 4933 1011 4974 s.
1033 4915 1176 4974 Iohannis
1203 4915 1338 4990 baptiste]
1371 4914 1407 4975 V.
1448 4935 1544 4974 errore
1571 4926 1674 4993 captus
1706 4913 1805 4973 scribit
1835 4913 2028 4974 Burchardus
2080 4912 2218 4973 Carolom
2243 4934 2264 4972 a

595 5005 687 5068 liitter
706 5007 766 5067 XV
787 5011 839 5080 (l).
863 5013 922 5070 536
944 5031 1006 5091 sqq.
1448 5013 1576 5073 humer
1596 5015 1620 5073 ai
1642 5013 1792 5093 sequaris,
1817 5013 1934 5072 Petram
1963 5013 2148 5072 edomiticam
2168 5013 2199 5072 in
2217 5033 2262 5072 re·

656 5109 724 5178 389,
754 5107 909 5184 Belloplu]
938 5109 1067 5190 Antiqua
1096 5110 1297 5190 Beth-Hegio
1328 5133 1407 5172 nunc
1448 5123 1561 5171 centem
1577 5111 1667 5172 Wadi
1682 5113 1808 5182 hIdsam,
1826 5132 1914 5172 unam
1927 5131 1997 5170 vero
2009 5111 2127 5172 Petram
2145 5111 2263 5184 deserti,

595 5213 645 5262 sut
670 5203 737 5264 'Ain
767 5204 938 5278 Hadachla,
968 5221 1020 5266 aut
1051 5229 1103 5268 arx
1130 5209 1283 5270 Hadschla
1310 5210 1405 5270 diruta
1447 5209 1642 5283 moabiticam,
1662 5213 1692 5270 iu
1705 5211 1857 5290 antiquum
1871 5210 2008 5270 Rabbath
2022 5210 2113 5270 bloab
2126 5231 2151 5270 s.
2167 5213 2262 5271 Areo·

596 5321 660 5361 esse
689 5303 811 5366 videtur.
858 5304 897 5365 V.
924 5305 1019 5366 Rittor
1047 5306 1108 5367 XV
1140 5311 1149 5367 l
1161 5315 1203 5382 l).
1236 5315 1310 5380 54⁴,
1346 5331 1405 5370 von
1446 5309 1552 5388 polim,
1580 5311 1702 5370 alteram
1728 5311 1759 5369 iu
1784 5310 1841 5370 KIr
1868 5309 1959 5368 Moab
1987 5329 2009 5368 s.
2031 5309 2134 5369 Kerelr
2161 5309 2261 5383 (Orac)

594 5399 722 5459 Itanum
742 5423 770 5482 p.
796 5409 868 5476 1593
891 5425 947 5490 sun
969 5403 1006 5466 de
1028 5405 1125 5466 Velde
1145 5407 1234 5468 ilem.
1256 5429 1284 5488 p.
1308 5413 1379 5472 296.
1446 5410 1601 5468 convenire
1612 5419 1733 5469 statues.
1763 5408 2067 5468 Robinsouuscoutra
2081 5419 2171 5487 negat
2182 5408 2264 5468 Rab-

658 5503 728 5572 390)
751 5501 797 5559 De
811 5503 927 5562 Jericlo
944 5541 980 5552 -
1000 5508 1042 5564 ad
1055 5505 1223 5582 Iordanem]
1246 5506 1324 5566 Huic
1339 5508 1406 5568 libri
1446 5507 1517 5566 bath
1538 5507 1628 5566 hIoab
1657 5529 1682 5567 s.
1704 5508 1875 5588 Areopolim
1895 5509 1984 5568 luisse
2005 5507 2123 5567 Petram
2142 5505 2258 5580 deserti,

595 5597 659 5658 loco
691 5597 777 5658 valde
806 5599 914 5662 afflicto
941 5615 970 5663 et
996 5605 1057 5665 fere
1086 5605 1200 5684 perdito
1222 5625 1274 5685 pro
1294 5605 1406 5666 viribus
1446 5605 1477 5664 iu
1498 5627 1533 5664 eo
1556 5617 1653 5666 tamen
1682 5627 1748 5665 cum
1769 5605 1915 5667 &umero
1942 5609 2102 5674 consentit,
2131 5605 2210 5686 quod
2230 5616 2262 5666 et

595 5695 703 5758 mederi
725 5698 909 5762 conabamur.
1448 5707 1512 5784 ipae
1533 5703 1653 5764 Petram
1674 5702 1781 5766 deserti
1802 5727 1868 5766 cum
1888 5706 1992 5766 Kerelr
2014 5707 2171 5786 componit
2212 5703 2260 5766 cf.

657 5797 729 5871 391)
752 5797 788 5855 de
809 5797 910 5874 quihus
931 5801 1039 5860 dietum
1060 5812 1103 5861 est
1124 5803 1227 5879 sopra]
1249 5803 1272 5864 I.
1296 5809 1324 5862 t.
1448 5803 1526 5881 hag.
1547 5803 1711 5864 Tbictmari
1729 5825 1841 5885 peregr.
1864 5825 1892 5883 p.
1915 5810 1964 5869 st.
1987 5825 2013 5865 c.
2032 5804 2103 5866 XV.
2125 5808 2152 5866 2.

653 5897 725 5968 392)
747 5897 836 5954 lions
864 5897 937 5973 read
973 5898 1058 5960 ldons
1094 5903 1199 5980 regalis
1233 5913 1275 5963 est
1304 5921 1407 5962 recens
1510 5908 1581 5974 aot)
1608 5923 1687 5962 nnnc
1711 5924 1780 5963 vero
1808 5903 1920 5979 Krach]
1955 5903 2070 5978 Krach,
2098 5903 2187 5975 Creo,
2214 5913 2265 5962 est

595 5992 741 6055 Schbbelr.
1448 6001 1595 6061 arabicum
1616 6002 1728 6074 Kerek,
1748 6003 1767 6064 i.
1790 6022 1816 6062 e,
1839 6003 1931 6116 turriq.
1972 6003 2078 6082 Neque
2100 6005 2188 6080 igitur
2207 6003 2259 6060 mi·
