5284 7042
1399 759 1434 804 vt

584 932 707 1005 lucem
738 927 878 1004 datum.
930 929 1062 1002 Talem
1087 925 1190 1000 enim·
1209 925 1410 1002 editionem
1436 953 1620 1026 nusquam
1646 927 1873 1028 investigare
1899 929 2106 1029 potuimus,
2141 956 2257 1030 quare

584 1081 681 1155 hanc
704 1079 912 1181 principem
935 1079 1057 1154 dicere
1071 1093 1198 1152 nostro
1214 1078 1325 1152 nobis
1340 1079 1419 1154 iure
1441 1077 1621 1152 videmur.
1662 1079 1744 1152 Nec
1757 1104 1917 1184 parvum
1934 1079 2044 1153 nobis
2057 1081 2258 1180 negocium

585 1231 797 1308 facessebat
823 1256 966 1324 rerum,
993 1257 1085 1328 quas
1109 1228 1286 1304 Ricoldus
1314 1229 1504 1324 tractavit,
1530 1229 1725 1327 variegata
1750 1227 1991 1324 abundantia,
2015 1257 2091 1330 qua
2115 1230 2258 1306 factum

586 1407 700 1482 saepe
738 1393 816 1476 est,
844 1393 887 1454 ut
911 1381 951 1454 in
975 1381 1214 1456 annotatione
1240 1379 1474 1456 elaboranda
1497 1381 1787 1474 haesitaremus,
1814 1380 1904 1454 satis
1934 1407 2115 1481 magnam
2148 1381 2257 1456 alteri

586 1547 673 1634 post
698 1558 768 1606 nos
796 1530 930 1605 editori
956 1557 1117 1606 messem
1140 1531 1316 1607 relicturi.
1370 1531 1521 1607 Gratias
1548 1545 1674 1606 autem
1699 1558 1776 1605 non
1800 1557 2000 1629 possumus
2032 1559 2110 1606 non
2144 1559 2259 1632 agere

588 1710 701 1782 quam
727 1682 912 1756 maximas
928 1681 1162 1756 Bethmanno
1186 1679 1233 1755 V.
1254 1681 1322 1778 01,
1348 1682 1601 1758 bibliothecae
1628 1678 1939 1780 guelferbytanae
1964 1683 2168 1783 praefecto,
2194 1683 2260 1782 qui

588 1833 730 1908 codicis
757 1831 916 1906 miscelli
938 1831 1136 1906 Ricoldum
1160 1833 1383 1907 continentis
1404 1832 1514 1909 nobis
1536 1833 1685 1933 copiam
1708 1831 1807 1904 fecit

714 1985 796 2058 lam
824 1981 1021 2056 dicendum
1049 1997 1105 2056 est
1127 1982 1173 2057 de
1196 1983 1359 2058 Odorico
1384 1983 1644 2087 Foroiuliensi,
1667 1981 1771 2056 cuius
1796 1979 2027 2056 itinerarium
2050 2007 2166 2080 quum
2191 2006 2260 2081 per

588 2141 627 2210 se
654 2132 991 2209 fructuosissimum
1014 2147 1079 2228 est,
1105 2147 1185 2206 tum
1210 2133 1459 2210 illustrissimo
1485 2131 1769 2204 Ἰνδικοπλεόστου
1794 2130 1945 2206 nomine
1964 2130 2058 2207 adeo
2081 2134 2259 2210 nobilita-

587 2303 664 2382 tur,
696 2301 739 2360 ut
770 2283 958 2357 neminem
993 2283 1075 2357 fore
1101 2285 1314 2384 opinemur,
1349 2287 1439 2383 quin
1465 2283 1673 2384 Georgium
1699 2280 1906 2376 Pertzium,
1938 2285 2069 2382 magni
2096 2285 2258 2358 nominis

588 2437 729 2530 virum,
758 2433 1011 2508 bibliothecae
1037 2433 1284 2509 berolinensis
1309 2435 1438 2534 regiae
1463 2435 1695 2535 praefectum
1730 2430 1968 2532 primarium,
2005 2434 2068 2531 qui
2103 2461 2172 2535 pro
2201 2462 2257 2530 ea,

590 2615 665 2688 qua
690 2601 757 2680 est,
775 2585 1008 2660 humanitate
1033 2600 1069 2660 et
1095 2585 1333 2679 liberalitate,
1353 2601 1395 2659 ut
1421 2601 1533 2659 antea
1558 2565 1838 2676 Wilbrandum,
1855 2582 1908 2655 ita
1931 2608 2031 2657 nunc
2057 2582 2259 2660 Odoricum

589 2738 681 2811 mihi
700 2736 970 2832 commodavit,
996 2735 1120 2810 animo
1147 2751 1395 2837 prosequatur
1420 2736 1645 2835 gratissimo.

721 2887 983 2962 Wilbrandum
1006 2887 1165 2988 denique
1192 2887 1543 2988 Oldenburgensem
1568 2901 1610 2960 ut
1635 2887 1768 2960 iterum
1793 2909 2091 2980 recenseremus,
2112 2885 2260 2986 impulit

589 3068 658 3114 nos
685 3054 723 3113 et
745 3038 831 3113 libri
856 3039 1035 3140 pretium,
1067 3053 1104 3113 et
1129 3038 1317 3114 immerita
1344 3039 1533 3138 scriptoris
1559 3035 1838 3138 generosissimi
1871 3035 2090 3112 obscuritas.
2143 3037 2258 3111 Cuius

590 3189 960 3292 peregrinatinonem
987 3189 1177 3288 scriptoris
1202 3189 1318 3290 ipsius
1341 3189 1438 3263 libro
1463 3190 1500 3263 II
1527 3215 1558 3263 c.
1585 3188 1679 3262 XIII
1718 3186 1939 3262 auctoritate
1970 3215 2040 3264 nos
2075 3187 2187 3288 primi
2219 3189 2258 3262 in

588 3343 726 3438 libros,
761 3341 903 3440 capita,
942 3341 1125 3414 sectiones
1151 3338 1437 3440 dispertivimus.
1505 3339 1675 3440 Denique
1707 3339 1799 3412 mihi
1833 3337 1960 3433 crede,
2001 3339 2039 3413 in
2073 3337 2259 3414 Wilbran-

592 3493 681 3568 dum
719 3507 756 3567 et
791 3489 1066 3584 Burchardum,
1099 3489 1137 3563 in
1168 3490 1367 3565 Ricoldum
1399 3505 1436 3566 et
1469 3490 1673 3565 Odoricum
1702 3504 1847 3564 tantam
1876 3505 1913 3564 et
1941 3516 2041 3565 nunc
2078 3505 2116 3564 et
2149 3505 2260 3566 antea

590 3672 744 3746 operam
770 3670 830 3717 me
854 3641 1072 3736 contulisse,
1105 3655 1246 3740 quanta
1272 3640 1414 3741 optimo
1442 3641 1574 3740 cuique
1601 3667 1737 3715 aureae
1764 3640 1898 3715 aetatis
1924 3641 2096 3742 scriptori
2128 3645 2257 3718 navari

592 3793 687 3870 solet
711 3795 892 3891 maxima3
927 3793 1064 3894 quippe
1096 3792 1159 3890 qui
1186 3819 1310 3866 meum
1337 3819 1417 3868 esse
1444 3807 1616 3893 putarem
1642 3792 1735 3866 illud
1769 3819 1837 3892 pro
1867 3793 1966 3866 virili
1992 3806 2100 3894 parte
2134 3821 2257 3894 agere.

591 3945 817 4020 Interiacent
843 3945 943 4019 enim
967 3943 1079 4018 medii
1107 3943 1191 4018 aevi
1213 3944 1513 4045 peregrinatores
1546 3945 1643 4018 inter
1668 3943 1878 4018 Bibliorum
1906 3968 2097 4018 sacrorum
2131 3962 2168 4020 et
2202 3973 2260 4021 re-

592 4097 798 4170 centiorum
824 4095 1009 4168 viatorum
1034 4095 1151 4168 libros
1178 4095 1284 4192 quasi
1305 4123 1401 4196 pons
1429 4096 1647 4188 continuus,
1671 4120 1782 4191 quem
1809 4094 1872 4193 qui
1892 4093 2112 4194 neglexerit,
2134 4095 2260 4171 videat

590 4273 637 4320 ne
661 4246 699 4320 in
722 4260 896 4345 stagnum
924 4244 1114 4320 demersus
1141 4245 1414 4345 imprudentiae
1439 4273 1582 4346 poenas
1614 4247 1715 4339 luat,
1749 4258 1880 4320 contra
1912 4246 1976 4344 qui
2007 4247 2163 4320 firmiter
2196 4273 2259 4322 ex·

592 4412 772 4472 struotum
795 4397 916 4492 intret,
940 4423 1011 4470 nae
1027 4398 1058 4472 is
1078 4397 1140 4470 via
1160 4409 1264 4470 recta
1288 4411 1325 4470 et
1347 4410 1428 4471 tuta
1453 4396 1502 4471 ad
1526 4423 1655 4471 veram
1681 4410 1803 4470 terrae
1830 4410 1980 4470 sanctae
2005 4397 2257 4496 cognitionem

590 4547 791 4648 perveniet
845 4545 956 4638 Quod
981 4561 1022 4620 ut
1048 4545 1232 4641 omnibus,
1257 4545 1320 4644 qui
1344 4546 1438 4621 haec
1463 4549 1603 4647 legent,
1629 4548 1840 4647 contingat,
1864 4572 1912 4621 ex
1938 4547 2062 4621 animo
2090 4560 2260 4647 optatum

588 4699 772 4773 volumus.

715 4865 908 4940 Dabamus
930 4862 1257 4938 Neodettelsaviae
1284 4890 1412 4939 mense
1435 4861 1537 4938 lulio
1562 4891 1659 4938 anno
1686 4864 2019 4940 MDCCCLXIIII.
