5284 7042
1179 743 1197 802 5

357 941 420 982 nen
441 931 639 1004 corruptum,
660 915 718 982 sed
740 915 962 990 deformatum,
984 939 1046 980 non
1069 915 1198 1000 editum,
1222 915 1279 983 sed
1301 930 1489 1004 excerptum
1508 915 1749 1006 laceratumque
1771 929 1803 983 et
1823 933 2024 1000 tamwort-

357 1035 419 1110 asic
441 1035 642 1098 immutatum
667 1033 781 1098 merito
803 1031 903 1096 dieas.

481 1147 594 1212 Restat
614 1157 647 1212 ut
672 1149 784 1234 paneis
806 1167 1026 1234 exponamus,
1055 1169 1120 1234 qua
1141 1148 1265 1212 ratione
1284 1146 1369 1212 hane
1390 1161 1532 1214 nonnam
1553 1147 1736 1214 Barchardi
1764 1148 1938 1215 editionem
1959 1147 2025 1214 dis·

358 1261 540 1353 ponendam
564 1263 791 1328 censuerimus.

480 1377 599 1442 Textui
633 1379 696 1464 ipsi
729 1387 859 1464 practer
889 1375 972 1442 hane
1005 1377 1236 1464 praefationem
1266 1389 1297 1442 ct
1327 1380 1510 1444 criticorum
1538 1392 1570 1444 et
1597 1377 1898 1469 bibliographorum
1926 1400 2025 1444 eausa

358 1495 585 1584 praemisimus
606 1491 771 1580 catalogos
793 1491 948 1558 librorum
971 1507 1003 1556 ct
1024 1515 1121 1556 manu
1142 1505 1174 1557 et
1194 1495 1282 1580 typis
1304 1495 1505 1582 scriptorum,
1528 1493 1724 1560 subiecimus
1751 1496 1938 1583 scriptionis
1960 1493 2024 1559 dis·

357 1611 567 1698 crepantiam.
611 1607 739 1674 Deinde
761 1609 1000 1674 annotationem
1021 1607 1184 1690 dedimus,
1218 1629 1313 1696 quam
1337 1611 1458 1696 excipit
1480 1611 1699 1692 itinerarium,
1720 1633 1784 1698 quo
1806 1611 2025 1698 peregrinato-

358 1749 428 1792 rum
451 1737 482 1790 et
504 1723 765 1812 geographorum
793 1725 826 1788 in
848 1745 940 1788 usum
963 1721 1106 1788 locorum
1132 1723 1303 1788 distantias
1335 1737 1366 1788 et
1393 1723 1621 1792 aBurchardo
1646 1740 1678 1791 et
1699 1749 1720 1790 a
1740 1725 1923 1792 recentibus
1944 1724 2025 1789 indi·

358 1857 447 1906 ratas
476 1839 589 1906 addita
623 1841 803 1928 scripturae
830 1839 1018 1904 diversitate
1046 1837 1137 1904 brevi
1164 1841 1196 1904 in
1231 1853 1405 1926 conspectu
1432 1843 1607 1929 posuimus.
1649 1841 1776 1908 Indices
1802 1844 1965 1907 nominum
1994 1852 2026 1904 et

357 1957 500 2022 locorum
527 1954 719 2020 biblieorum
749 1954 926 2020 desiderari
954 1953 1132 2036 noluimus,
1160 1953 1352 2036 lavelliano,
1380 1979 1516 2044 quocum
1539 1957 1729 2024 contudimus
1751 1971 1782 2024 et
1803 1981 1926 2046 exque
1948 1977 2023 2021 nen·

358 2071 445 2137 nulla
468 2072 657 2158 recepimus,
680 2070 843 2158 aliquante
866 2069 1099 2157 locupletiores.

976 2601 1002 2667 C
1024 2601 1054 2666 Α
1076 2599 1104 2666 Τ
1125 2601 1157 2666 Α
1178 2601 1206 2668 L
1228 2601 1257 2668 0
1281 2601 1310 2668 G
1333 2603 1409 2668 L'S

848 2765 1003 2814 coercun
1027 2768 1224 2816 accensam
1245 2769 1291 2816 ns
1315 2769 1434 2816 neure
1456 2771 1542 2820 arou.

484 2915 638 2996 Primum,
661 2913 778 3002 quibus
800 2915 847 2978 usi
870 2937 990 2995 sumus,
1013 2915 1141 2982 cedices
1162 2915 1426 3004 hamburgenses,
1453 2919 1727 3002 vratislavienses,
1749 2917 1949 2996 beroensem,
1972 2913 2025 2979 de·

364 3031 437 3096 inde
459 3029 540 3096 alios
561 3029 717 3116 quosdam
741 3029 933 3116 descripturi
954 3053 1071 3096 sumus.

753 3221 775 3276 t.
808 3230 925 3278 coner
949 3231 1251 3280 arsenonsrrancs
1273 3233 1537 3282 namurcensis
1560 3219 1639 3293 (st,

487 3343 571 3408 lluic
594 3341 698 3409 codici
714 3343 954 3432 Staphorstiani
977 3367 1091 3410 nornen
1112 3345 1269 3426 dedimus,
1291 3348 1367 3434 quia
1389 3347 1557 3414 ah'icolao
1577 3347 1793 3436 Staphorstio,
1813 3345 1906 3410 verbi
1923 3342 2027 3409 divini

360 3459 403 3526 ad
424 3458 536 3526 aedem
559 3481 641 3546 quae
662 3459 736 3526 elim
759 3475 828 3526 erat
849 3459 959 3526 Sancti
981 3459 1111 3526 loannis
1132 3461 1414 3548 Hamburgensem
1432 3467 1600 3548 magistre,
1621 3467 1760 3552 primam
1781 3464 1850 3527 eins
1874 3459 2024 3525 notitiem

362 3575 514 3641 traditam
530 3579 720 3664 accepimus.
760 3575 824 3658 Qui
839 3577 872 3640 in
886 3575 1050 3641 llistoriae
1065 3575 1219 3642 ecelesiae
1235 3577 1493 3664 llamburgeusis
1508 3579 1716 3666 diplomatica
1737 3591 1829 3666 parte
1843 3577 1868 3642 l.
1890 3573 1952 3640 vol.
1967 3573 2026 3639 lll.

362 3715 434 3780 pag.
450 3695 612 3758 eae—355
635 3691 735 3756 fusius
758 3693 891 3778 exponit
913 3691 953 3756 de
974 3691 1106 3772 „codice
1126 3693 1233 3758 XXX.
1257 3695 1387 3781 (partim
1408 3697 1443 3760 in
1464 3695 1586 3761 charta.
1610 3697 1728 3783 partim
1749 3695 1782 3759 in
1795 3691 2026 3766 menabrana).“

363 3807 438 3872 Fuit
460 3819 565 3871 autern
588 3829 629 3870 cx
651 3805 832 3881 codicibus,
862 3809 916 3896 qui
943 3807 1018 3872 olim
1039 3809 1072 3872 in
1095 3807 1296 3874 Bibliotheca
1317 3811 1409 3876 aedis
1431 3813 1543 3876 Sancti
1563 3812 1652 3876 Petri
1682 3809 1859 3890 asservati,
1888 3829 1973 3872 uuae
1994 3806 2028 3870 in

364 3919 565 3986 Bibliotheca
586 3919 718 4007 publiea
739 3921 979 4006 llamhurgcnsi
1001 3923 1234 3990 custodiuntur.
1276 3925 1390 3992 Insunt
1411 3927 1446 3992 in
1467 3926 1530 3992 hoe
1548 3927 1711 3994 columine
1732 3925 1949 4010 quaternario,
1970 3919 2028 3986 sed

362 4051 482 4104 termae
504 4037 647 4117 mineris,
670 4039 791 4124 scripta
815 4038 943 4120 xt'lll,
965 4061 1100 4126 quorum
1122 4039 1267 4106 ultimum
1290 4051 1340 4106 cst
1360 4043 1635 4130 anepigraphum,
1657 4043 1824 4108 continens
1845 4035 2027 4104 Barchardi

361 4153 401 4218 de
424 4151 533 4218 Monte
556 4152 633 4216 Sion
656 4151 905 4240 descriptionem
927 4165 1032 4220 terrae
1055 4169 1194 4222 sanctae.

484 4266 642 4332 Velamen
674 4279 776 4332 tetum
803 4269 993 4356 inscriptum
1022 4284 1084 4336 est:
1122 4277 1291 4334 herentem
1321 4275 1427 4334 librum
1449 4277 1529 4336 dedit
1556 4277 1691 4336 maninus
1718 4274 1866 4336 Iliariraa
1897 4271 2029 4348 laepia

359 4389 506 4466 «pecodem
535 4385 622 4444 huius
651 4387 791 4446 ccclesiae
822 4388 961 4448 vicarius.
1006 4389 1099 4449 Orate
1122 4393 1216 4450 Deum
1241 4411 1301 4468 pro
1327 4413 1367 4452 eo.
1409 4389 1528 4476 lncipit
1555 4411 1576 4452 a
1601 4387 1724 4452 verbis:
1757 4393 1832 4450 Toto
1857 4389 1969 4466 pulcre
1998 4407 2029 4444 cr

358 4503 455 4562 amico
478 4521 542 4560 meo
564 4511 591 4561 et
613 4505 729 4562 macule
751 4523 810 4564 aon
831 4515 874 4564 eat
898 4505 928 4564 ia
950 4513 985 4566 te.

483 4613 655 4680 Praecedit
679 4615 753 4680 huic
775 4619 913 4704 paginae
934 4615 1032 4682 index
1052 4639 1171 4692 eornm,
1191 4641 1274 4706 quae
1297 4619 1458 4684 columine
1479 4621 1693 4700 continentur,
1715 4619 1748 4684 in
1770 4617 1923 4682 interiore
1937 4615 2026 4678 inco·

359 4731 440 4796 lucri
463 4729 559 4813 lignei
585 4734 673 4796 corio
696 4733 771 4796 tecti
794 4731 913 4814 latere,
934 4731 1041 4796 secedo
1062 4732 1145 4798 XlX
1168 4737 1315 4821 scriptus.

484 4845 629 4932 Paginae
649 4862 837 4912 numeratae
858 4871 921 4912 non
945 4861 1026 4912 sunt.

481 4963 551 5030 Iam
573 4961 616 5028 ad
637 4963 743 5051 ipsum
764 4961 946 5028 Barchardi
968 4962 1086 5030 librum
1109 4963 1357 5032 describendum
1380 4968 1597 5051 accingamur.

483 5079 596 5145 Codex
617 5093 665 5144 est
686 5079 965 5160 membranaceus,
985 5081 1226 5166 quaternarius,
1249 5080 1358 5146 seculo
1379 5081 1458 5148 th'
1480 5096 1617 5146 exeunte
1639 5079 1691 5148 cel
1713 5081 1777 5146 XV
1800 5081 1929 5146 ineunte
1951 5089 2027 5155 (non

360 5217 422 5260 sec.
437 5193 528 5273 Xlll,
551 5208 586 5260 ut
602 5195 826 5284 Staphorstius
848 5195 936 5275 vult,¹
959 5187 1101 5283 scriptus
1119 5219 1140 5260 a
1161 5195 1294 5262 librario
1316 5198 1395 5262 satis
1418 5197 1540 5275 hebete,
1561 5199 1616 5286 qui
1638 5199 1670 5262 in
1685 5196 1855 5284 prologo}
1872 5203 1910 5262 lb
1924 5194 2026 5260 verba

357 5317 405 5376 tic
428 5315 582 5388 introduc,
609 5311 651 5376 ab
674 5336 730 5391 eo,
758 5313 813 5400 qui
843 5313 872 5376 ei
901 5311 1045 5377 codicem
1067 5311 1314 5378 describendum
1337 5313 1486 5394 dederat,
1513 5315 1652 5400 margini
1675 5315 1819 5400 ascripta
1841 5333 1940 5400 quum
1962 5333 2026 5374 non

357 5425 559 5512 intelligeret,
581 5427 653 5514 ipsa
676 5427 840 5516 descripta
862 5429 894 5492 in
915 5441 1098 5494 contextum
1120 5429 1243 5516 recepit
1265 5427 1448 5503 uerborum,
1470 5442 1501 5493 et
1523 5451 1755 5515 saepenumero
1776 5425 1957 5494 dormitans
1979 5423 2025 5492 la·

357 5565 456 5608 cunas
479 5541 594 5610 multas
616 5543 755 5632 reliquit,
777 5567 902 5608 errores
928 5557 1097 5632 praeterea
1118 5543 1299 5632 complures
1324 5547 1537 5610 committens.
1573 5543 1683 5608 verba
1703 5543 1831 5630 singula
1845 5555 2025 5608 atramento

360 5657 544 5748 sarlipallide
579 5659 727 5744 nouaque
755 5657 972 5746 diplomaticis
1004 5659 1260 5726 inusitatioribus
1296 5663 1418 5748 scripta
1449 5659 1567 5726 multas
1600 5659 1718 5746 legenti
1744 5659 1951 5726 difficsdtates
1979 5661 2026 5726 al·

358 5779 472 5842 senmt.

483 5891 620 5958 Constat
642 5889 726 5958 loliis
749 5897 788 5958 27
813 5913 886 5961 „non
908 5897 959 5970 25,
983 5891 1130 5958 binarum
1153 5891 1383 5958 columnarum.

485 6007 615 6096 l'rologi
638 6009 762 6074 ἰηὶῑίιιω
785 6029 848 6072 non
871 6007 967 6073 semel
991 6009 1047 6074 sed
1069 6009 1118 6074 bis
1141 6023 1263 6079 exstat.
1293 6009 1432 6094 primum
1453 6005 1530 6072 solie
1553 6007 1674 6092 primo,
1701 6005 1759 6072 scd
1781 6007 1897 6094 primia
1919 6005 2028 6071 verbis
