5284 7042
1417 708 1474 771 168

571 904 588 954 4
728 884 768 948 In
790 905 829 949 ea
851 880 1037 949 dominatur
1057 882 1190 971 quidam
1211 882 1436 969 Francigeoa,
1460 882 1620 958 Guido⁵⁵)
1641 888 1780 967 nomine,
1803 896 1852 961 et,
1871 896 1906 950 nt
1927 885 1993 951 iam
2013 886 2106 971 tetigi
2117 886 2168 967 ⁵⁰),
2190 886 2223 949 in
2246 907 2286 951 ea

570 1008 654 1065 sest
674 998 768 1063 sedes
789 999 997 1087 episcopalis,
1018 999 1094 1064 licet
1115 998 1325 1085 paupercula.
1368 998 1439 1063 Hec
1461 1000 1577 1065 ciuitas
1600 998 1699 1065 distat
1721 1022 1741 1065 a
1764 1000 1885 1087 Beryto
1908 1010 1981 1067 octo
2003 1000 2145 1067 miliaria
2168 1024 2284 1087 parua

572 1132 584 1181 ¹
728 1132 800 1197 VH.
841 1130 969 1195 Eadem
995 1140 1109 1213 nocte,
1147 1151 1210 1217 que
1237 1152 1365 1216 semper
1392 1152 1413 1195 a
1439 1152 1489 1195 me
1517 1132 1610 1217 nigro
1636 1130 1747 1219 lapide
1775 1131 2034 1219 computabitur,
2063 1134 2284 1219 processimus

604 1249 798 1325 Botcrimfl),
820 1247 907 1335 qnod
929 1258 978 1312 est
999 1245 1166 1312 castellum
1186 1244 1307 1310 bonum
1329 1270 1348 1309 a
1371 1246 1490 1311 nostris
1504 1268 1700 1333 possessum,
1723 1258 1755 1312 et
1776 1249 1988 1313 transiuimus
2003 1248 2169 1331 Nssfiu⁵⁹)‚
2193 1250 2283 1312 cuins

603 1362 700 1427 situm
722 1372 754 1427 et
774 1365 967 1429 munitiones
990 1362 1176 1449 diligentins
1198 1359 1466 1441 considerassem,
1489 1362 1516 1425 si
1539 1362 1677 1449 quedam
1699 1362 1903 1429 ualidissima
1924 1374 2111 1450 tempestas,
2137 1384 2201 1449 qne
2221 1384 2281 1428 nos

568 1488 584 1538 ²
603 1480 739 1543 miseros
763 1476 831 1544 illio
852 1480 973 1543 inuasit
996 1492 1028 1544 et
1047 1477 1231 1565 quassauit,
1261 1498 1372 1541 omnes
1404 1497 1517 1541 sensus
1539 1498 1628 1543 meos
1656 1501 1722 1543 non
1742 1479 1972 1566 impediuisset.
2014 1476 2180 1559 Quantum
2203 1498 2280 1543 uero

602 1595 709 1657 territi
735 1594 887 1681 procellis
914 1592 1177 1680 permittentibus
1205 1591 1412 1657 considerare
1440 1594 1620 1679 potuimus,
1646 1593 1707 1659 hec
1738 1602 1787 1659 est
1815 1594 1931 1659 ciuitas
1961 1593 2135 1660 admodum
2165 1614 2278 1679 parua,

602 1708 686 1773 bene
706 1711 840 1792 munita,
862 1712 1011 1774 surianos
1031 1710 1143 1774 fouens
1165 1707 1411 1789 inhabitatores,
1433 1710 1554 1773 nostris
1577 1708 1708 1775 subdita
1729 1720 1761 1774 et
1782 1708 1967 1792 tributaria,
1991 1712 2081 1775 cuins
2101 1708 2183 1775 fines
2205 1720 2278 1773 suut

569 1825 803 1907 sforfflissimi,
825 1826 947 1913 optima
969 1836 1002 1891 ot
1021 1824 1155 1890 multum
1175 1822 1402 1889 commendata
1421 1825 1499 1889 uina
1520 1826 1700 1891 afferentes.
1744 1825 1815 1890 Hec
1837 1824 1936 1892 distat
1958 1850 1978 1891 a
1998 1824 2180 1899 Bistones
2202 1846 2276 1911 qna·

603 1951 676 2006 tuor
696 1940 797 2007 milia.

571 2090 582 2139 1
726 2080 813 2145 VIII.
855 2079 915 2145 Illa
943 2090 1077 2167 propter
1099 2077 1319 2165 impellentem
1341 2086 1566 2164 tempestatem
1589 2077 1733 2144 breuiter
1755 2080 1867 2145 relicta
1892 2084 2029 2161 Tripolin
2051 2080 2266 2169 applicuimus

603 2218 665 2284 que
692 2219 751 2262 nos
778 2195 968 2283 desperatos
997 2205 1028 2259 et
1055 2195 1150 2282 quasi
1171 2194 1348 2279 naufragos
1368 2216 1433 2259 non
1455 2194 1524 2257 sine
1546 2192 1720 2259 multorum
1741 2194 1944 2283 spectaculo,
1973 2206 2119 2261 nostrum
2145 2195 2274 2261 naufra-

567 2314 692 2399 agium
714 2314 990 2400 exspectantium,
1017 2312 1141 2397 recepit
1163 2316 1195 2374 et
1215 2309 1329 2373 refecit
1350 2307 1516 2373 resolutos.
1560 2308 1632 2374 Hec
1653 2322 1702 2375 est
1723 2312 1839 2377 cionitas
1867 2310 1963 2377 ualde
1985 2310 2092 2393 diues,
2117 2311 2273 2399 plurimos

602 2428 725 2493 habens
750 2428 993 2508 inhabitatores,
1016 2426 1236 2505 Christianos,
1260 2422 1376 2491 ludeos
1399 2434 1431 2488 et
1452 2422 1668 2507 Sarracenos,
1691 2425 1807 2511 quibus
1830 2428 1979 2493 omnibus
2002 2450 2127 2510 comes,
2148 2426 2199 2491 uir
2220 2449 2273 2491 no-

568 2555 668 2616 astre
689 2544 775 2625 fidei,
796 2546 879 2609 sicut
899 2544 959 2608 toti
981 2541 1027 2608 illi
1050 2554 1137 2606 terre
1158 2540 1351 2605 dominatur.
1384 2539 1462 2625 Ipsa
1484 2562 1560 2605 uero
1582 2541 1696 2606 ciuitas
1718 2544 1752 2605 in
1774 2544 1861 2608 omni
1878 2565 1938 2609 sua
1955 2543 2171 2631 dispositione
2186 2542 2272 2629 Tyro

602 2659 766 2725 simillima
786 2660 854 2724 lere
875 2658 1017 2745 undique
1038 2657 1121 2720 mari
1144 2657 1287 2740 cingitur
1306 2666 1338 2719 et
1359 2658 1518 2738 munitur3
1540 2654 1598 2721 sed
1620 2658 1694 2744 ipsa
1715 2670 1842 2741 natura,
1866 2660 1934 2724 suis
1955 2660 2115 2723 opturatis
2130 2660 2169 2735 ⁵¹¹)
2192 2680 2271 2722 com-

568 2776 714 2857 tmoda,
748 2788 890 2863 pratum·
903 2773 1067 2861 quoddam
1092 2794 1242 2836 amenum
1272 2782 1304 2837 et
1332 2772 1453 2837 fertiles
1489 2784 1578 2837 ortos
1606 2774 1773 2837 interiecit.
1822 2773 1919 2840 Circa
1949 2798 2043 2861 quem
2068 2774 2175 2839 locum
2203 2775 2271 2859 ipsa

602 2896 745 2957 munitur
772 2890 896 2955 duobus
926 2890 1025 2953 mnus
1054 2886 1172 2951 ualidis
1200 2896 1233 2952 et
1261 2888 1402 2969 turritis,
1433 2886 1513 2951 duas
1540 2888 1646 2953 fossas
1677 2888 1787 2975 largas
1811 2900 1843 2955 et
1864 2888 2041 2977 profundas
2063 2890 2147 2954 inter
2167 2910 2202 2953 se
2222 2910 2270 2952 ca·

602 3007 785 3095 pientibus,
817 3027 953 3091 quorum
975 3012 1086 3091 portas
1109 3013 1141 3066 et
1160 3004 1310 3069 introitus
1333 3001 1489 3091 speciales
1513 3003 1675 3088 quondam
1702 3007 1883 3081 sinuoseill
1911 3005 2097 3071 barbacano
2118 3006 2271 3069 intricant

600 3135 633 3189 et
655 3122 840 3188 obseruant.

567 3278 582 3325 5
723 3262 767 3327 Et
788 3270 878 3345 nota,
907 3259 993 3347 quod
1014 3256 1182 3339 Libanus,
1211 3260 1266 3341 qui
1295 3256 1378 3339 illic,
1407 3268 1443 3321 ut
1461 3256 1591 3341 uolunt,
1620 3257 1796 3323 altissimus
1823 3272 1893 3342 est,
1919 3260 2040 3326 directe
2066 3262 2130 3348 ipsi
2152 3260 2271 3325 ciuitati

567 3378 828 3465 esuspenditur,
859 3378 906 3441 ita
932 3386 969 3441 ut
993 3374 1085 3461 large
1115 3372 1158 3438 ad
1184 3395 1283 3437 unum
1305 3396 1455 3460 campum
1479 3373 1586 3438 distet.
1627 3374 1715 3439 Inter
1738 3397 1832 3461 quem
1861 3386 1892 3441 et
1915 3378 2077 3441 ciuitatem
2100 3378 2184 3441 iacet
2205 3375 2270 3460 qui·

567 3493 677 3559 tdam
706 3493 914 3573 monticulus,
944 3492 999 3579 qui
1026 3490 1122 3555 hodie
1149 3490 1425 3571 Mompeuerioffl),
1459 3488 1494 3552 id
1521 3498 1570 3553 est
1598 3512 1691 3555 mons
1710 3493 1972 3579 peregrinorum,
2002 3490 2193 3579 appellatur.
2235 3492 2271 3555 In

601 3632 665 3697 quo
690 3632 799 3675 comes
826 3608 930 3672 sancti
951 3606 1080 3692 Egidii,
1107 3606 1158 3669 uir
1186 3604 1374 3687 bellicosus,
1408 3614 1439 3669 et
1466 3603 1523 3669 alii
1551 3607 1715 3691 peregrini
1745 3618 1885 3673 casuum
1913 3606 2076 3693 quoddam
2103 3604 2272 3671 edificau'e·

601 3726 727 3802 runt⁰²)
749 3734 781 3789 et
803 3746 862 3810 per
883 3721 963 3787 illud
985 3721 1068 3787 lilios
1089 3722 1288 3808 iniquitatis,
1309 3734 1438 3787 nostros
1461 3722 1625 3804 inimicos,
1648 3725 1702 3809 qui
1723 3734 1800 3787 tunc
1822 3721 1973 3809 Tripolin
1991 3746 2089 3787 manu
2110 3722 2272 3801 tenebant,

568 3839 711 3907 smultis
734 3840 828 3904 annis
850 3842 933 3904 sicut
953 3839 1017 3902 uiri
1036 3836 1205 3902 laboribus
1226 3838 1357 3901 infracti
1380 3835 1584 3901 obsederunt.
1628 3836 1775 3917 Quorum
1797 3840 2015 3903 constanciam
2041 3840 2174 3904 nimiam
2198 3840 2270 3903 Sar·

602 3958 711 4020 raeeni
736 3954 935 4020 admirantes
965 3965 997 4018 et
1024 3955 1173 4018 timentes
1204 3976 1225 4017 a
1251 3948 1434 4029 manibusb)
1458 3975 1568 4018 eorum
1591 3952 1725 4018 liberari
1752 3952 1995 4037 desiderabant3
2024 3953 2179 4019 auxilium
2204 3954 2272 4020 Sol-

569 4070 681 4135 9dani
709 4080 741 4135 et
770 4094 900 4136 suorum
931 4068 1134 4135 inuocabant.
1178 4066 1243 4147 Qui
1273 4069 1417 4134 maxirno
1447 4070 1591 4134 exercitu
1624 4078 1785 4157 apparato
1806 4068 1916 4135 literas
1937 4068 2169 4135 consolatorias
2192 4070 2271 4157 ipsis

553 4194 583 4243 lo
602 4209 662 4273 per
681 4186 864 4252 columbam
885 4188 1037 4250 nunciam
1059 4206 1148 4248 more
1170 4181 1256 4248 illius
1278 4193 1363 4248 terre
1386 4186 1585 4249 remiserunt.
1629 4184 1735 4265 Quam
1766 4186 1869 4250 nostri
1897 4209 1974 4251 casu
2002 4184 2271 4271 comprehenden-

601 4313 649 4366 tes
672 4304 712 4381 (si
734 4304 836 4367 eciam
858 4324 935 4367 nere
956 4323 1050 4365 casus
1074 4300 1139 4364 dici
1160 4300 1282 4385 possit,
1311 4298 1397 4384 quod
1426 4322 1467 4365 ex
1496 4298 1608 4365 diuina
1636 4302 1847 4387 prouidencia
1868 4302 1915 4365 sic
1938 4300 2084 4384 accidit),
2117 4300 2219 4365 literis
2242 4312 2272 4364 et

552 4427 581 4477 tt
602 4419 735 4483 secretis
764 4416 893 4483 illorum
921 4418 1103 4504 perspectis
1131 4414 1213 4479 alias
1243 4413 1304 4478 sub
1326 4416 1455 4479 nomine
1478 4414 1611 4481 Soldani
1639 4416 1686 4481 illi
1708 4416 1932 4503 alligaucrunt.
1977 4416 2049 4497 Que
2071 4416 2118 4481 sic
2139 4414 2271 4479 dimissa

603 4535 669 4597 suis
698 4532 837 4598 dominis
865 4534 959 4620 quasi
987 4535 1021 4597 in
1051 4554 1129 4596 arca
1158 4529 1290 4595 inclusis
1323 4530 1587 4619 exspectantibus
1616 4555 1675 4618 pro
1702 4555 1793 4597 ramo
1815 4532 1943 4613 literas,
1972 4554 2031 4619 pro
2055 4528 2272 4597 consolatione

552 4670 584 4719 12
602 4648 833 4714 desolationem
854 4648 1042 4735 reportauit.
1086 4646 1153 4727 Qui
1172 4647 1270 4711 nimio
1294 4648 1410 4711 timore
1432 4648 1498 4711 uite
1519 4648 1684 4733 perterriti
1705 4647 1756 4713 uel
1779 4648 1907 4713 attoniti
1929 4657 1961 4712 et
1986 4644 2169 4711 huiusmodi
2191 4646 2271 4711 diui·

600 4787 677 4828 num
700 4764 809 4830 dolum
830 4766 1018 4850 ignorantes
1040 4766 1147 4849 ipsam
1169 4764 1333 4827 ciuitatem
1364 4764 1484 4827 nonnis
1506 4802 1544 4813 —
1565 4763 1638 4829 Deo
1661 4763 1810 4849 gracias!
1838 4800 1880 4809 -
1904 4763 2029 4828 illesam
2050 4762 2273 4840 reddiderunt,

552 4896 583 4949 tt
602 4879 702 4945 saluis
735 4882 802 4945 sais
832 4880 980 4966 personis
1011 4902 1070 4967 per
1101 4877 1319 4943 conditionem
1346 4879 1590 4963 preordinatum
1618 4880 1812 4945 recedentes.
1856 4878 1926 4959 Qus
1955 4880 2094 4943 nuncin
2116 4880 2180 4960 eis,
2211 4901 2272 4967 que

600 5008 711 5061 nostre
732 4996 809 5061 fidei
831 5007 923 5076 sunt,
945 4997 1060 5081 uigens
1083 5006 1114 5059 et
1136 4993 1286 5058 exsultans
1302 5000 1419 5068 sontem
1443 5017 1477 5058 se
1500 5010 1642 5073 ortorum,
1662 5011 1783 5075 puteum
1806 5018 1840 5059 se
1862 5020 2007 5077 aquaram
2029 4998 2195 5071 dissentiam,
2218 5019 2272 5077 que

667 5198 695 5267 a)
716 5194 823 5248 Vilicus
840 5193 873 5248 B.
911 5192 1031 5246 Villiooc
1049 5191 1099 5245 Ed.
1117 5222 1152 5231 -
1169 5190 1199 5261 b)
1217 5190 1241 5245 B
1258 5197 1287 5245 et
1304 5190 1355 5244 lid.
1374 5208 1415 5261 pr.
1435 5190 1539 5245 habent
1558 5192 1691 5246 muniris.

664 5386 713 5454 55)
738 5380 845 5457 Gnido]
875 5379 989 5460 Aliquis
1011 5399 1049 5438 ex
1069 5378 1226 5439 baronibus
1252 5378 1335 5455 regni
1357 5378 1417 5437 hie·
1458 5378 1600 5439 Iohannis
1627 5378 1708 5439 Scoti
1736 5378 1892 5457 Erigonae.
1942 5376 1988 5438 cf.
2020 5380 2062 5437 H.
2089 5378 2188 5437 Rittcr
2215 5376 2272 5439 Ge-

600 5480 804 5557 rosolymitani
824 5480 915 5539 inisse
935 5476 1059 5550 videtur,
1080 5478 1210 5558 alioquin
1230 5478 1360 5555 ignotus.
1459 5478 1588 5538 schiehte
1604 5478 1656 5537 der
1667 5478 1852 5539 christhchen
1863 5476 2052 5557 Philosophia
2063 5476 2120 5538 111.
2136 5480 2193 5537 215
2209 5496 2272 5557 sqq.

665 5582 716 5652 56)
737 5587 769 5635 at
788 5582 848 5637 iam
868 5578 957 5656 tetigi]
980 5579 1084 5657 capitis
1104 5578 1195 5637 initio.
1522 5580 1572 5651 60)
1594 5580 1740 5655 quondam
1759 5576 1883 5653 simmae]
1906 5577 2042 5635 Fortasse
2065 5578 2184 5652 quedam
2203 5576 2270 5635 scri·

664 5680 714 5751 57)
740 5676 880 5753 Botcrim]
902 5696 958 5737 rec.
980 5676 1140 5746 el-Batrdn,
1162 5683 1222 5734 ant.
1243 5674 1359 5755 Botrys.
1458 5673 1587 5735 bendum
1609 5684 1661 5737 est.

664 5780 715 5852 58)
737 5774 850 5853 Nesfia]
872 5773 910 5835 V.
931 5774 1132 5835 Barchardom
1153 5795 1181 5853 p.
1203 5778 1241 5833 27
1263 5785 1324 5837 not.
1344 5780 1391 5837 80.
1521 5774 1801 5852 dimenspellrrim]
1816 5773 1964 5836 Oliiitter
1973 5772 2125 5849 xvssu).
2141 5776 2270 5853 602sqq.

665 5878 715 5951 59)
736 5883 850 5934 notzere
876 5877 937 5931 sois
965 5874 1124 5950 saturatis]
1161 5874 1181 5933 i.
1209 5893 1234 5934 e.
1260 5874 1417 5951 generatis.
1522 5876 1571 5949 62)
1600 5892 1690 5935 comm
1722 5875 1822 5934 sancti
1850 5874 1951 5951 Epidii
1980 5902 2020 5917 -
2048 5870 2269 5951 edificatorem]

601 5972 653 6034 Sic
680 5983 710 6035 et
736 5974 813 6033 infra
839 5974 863 6033 I.
893 5978 938 6034 tt.
968 5977 986 6033 8
1012 5973 1140 6053 loquitur
1167 5992 1203 6032 ex
1230 5972 1417 6053 philosophia
1460 5972 1548 6032 Unde
1569 5992 1674 6033 nomen
1698 5975 1778 6034 arab.
1799 5976 1888 6041 Hb'su
1912 5970 2077 6031 Soadsciil.
