5284 7042
1391 703 1431 763 76

572 883 798 950 intermediam
830 891 1034 967 separantur.
1076 881 1205 944 Dicitur
1235 895 1342 944 autem
1362 901 1455 943 mons
1477 879 1681 964 offensionis,
1708 881 1785 969 quia
1806 879 1959 947 Salomon
1979 883 2013 946 in
2035 905 2073 946 eo
2093 881 2244 970 templum

573 1001 701 1068 Moloch
723 1009 877 1086 posuerat
899 1019 916 1061 e
939 997 1071 1082 regione
1091 995 1214 1082 templi,
1235 995 1413 1060 Dominum
1434 995 1651 1080 prouocando.

698 1114 816 1180 Subter
838 1135 910 1177 eum
933 1113 1035 1176 eciam
1057 1122 1170 1176 contra
1191 1122 1337 1176 austrum
1359 1119 1409 1175 est
1428 1108 1519 1175 loeus
1541 1116 1653 1190 replet
1676 1112 1745 1177 siue
1765 1110 1956 1178 Geheunon.

696 1233 785 1296 luter
810 1231 966 1294 orientem
996 1249 1074 1292 uero
1103 1235 1165 1302 οῖ’)
1188 1237 1333 1292 austrum
1353 1235 1504 1312 respectu
1525 1227 1667 1291 ciuitatis
1689 1229 1770 1291 situs
1791 1237 1841 1292 est
1860 1250 1939 1314 ager
1960 1235 2187 1307 Acheldemach,
2213 1241 2247 1293 et

573 1372 666 1414 mons
689 1347 830 1432 desuper
847 1343 944 1408 ualde
965 1343 1065 1425 altus,
1088 1346 1142 1430 qui
1163 1343 1275 1408 eodem
1298 1343 1426 1406 nomine
1447 1340 1648 1428 appellatur,
1668 1354 1701 1406 et
1721 1343 1790 1407 iere
1809 1353 1897 1408 tenet
1917 1354 2018 1411 totam
2039 1357 2166 1433 partem
2191 1369 2245 1412 au·

574 1465 632 1530 stri
657 1473 770 1528 contra
793 1463 964 1526 ciuitatem.

697 1581 755 1644 Isti
790 1576 832 1642 ab
860 1575 1025 1640 occidente
1059 1573 1194 1638 adheret
1220 1597 1294 1656 uper
1317 1579 1449 1652 sadonis
1462 1575 1520 1650 ⁶³⁹)
1547 1585 1580 1638 et
1605 1595 1697 1638 mons
1724 1572 1865 1660 desuper
1892 1575 2036 1641 eiusdem
2057 1576 2245 1661 altitudinis,

573 1697 664 1762 cuius
686 1709 735 1760 est
757 1697 852 1781 prior.

697 1811 783 1874 Huic
812 1831 889 1894 ergo
919 1829 998 1892 agro
1019 1805 1148 1872 fullonis
1176 1805 1311 1870 adheret
1338 1829 1419 1868 mom
1443 1807 1589 1882 (licam)
1617 1804 1659 1870 ab
1685 1805 1877 1872 occidentali
1897 1820 1992 1894 parte
2013 1811 2172 1893 ciuitatis,
2201 1811 2246 1874 ita

572 1945 692 2010 tamen,
714 1939 748 1991 ut
770 1927 839 2008 uia,
873 1947 934 2010 que
956 1922 1103 2010 precedit
1124 1922 1164 1985 de
1185 1929 1280 2008 porta
1304 1919 1424 2001 Dauid,
1447 1931 1593 1986 transeat
1613 1923 1695 1986 iuter
1716 1945 1782 1986 eos.
1824 1923 1890 1988 Iste
1910 1947 2004 1989 mons
2023 1925 2110 1990 Gion
2131 1925 2173 1990 ab
2196 1947 2244 1992 ce·

575 2043 701 2108 cidente
721 2044 936 2128 supereminet
958 2040 1097 2121 ciuitati,
1126 2036 1182 2102 sed
1205 2035 1362 2123 paulatim
1384 2035 1510 2119 deficit,
1535 2039 1582 2102 ita
1609 2050 1645 2102 ut
1673 2049 1786 2103 contra
1807 2049 1934 2125 portam
1956 2051 2098 2105 ueterem
2119 2043 2246 2108 nonsit

574 2159 707 2224 multum
731 2156 824 2222 altus.

701 2274 837 2351 Terrab)
869 2285 976 2336 tamen
1008 2281 1172 2335 tumoross
1199 2279 1247 2333 est
1277 2269 1317 2334 de
1348 2279 1454 2334 cetero
1476 2283 1589 2334 contra
1609 2270 1809 2335 occidentem
1826 2281 1858 2334 et
1879 2271 2061 2358 aquilonem
2082 2272 2247 2359 usquead

577 2396 745 2471 sepulerum
758 2393 872 2451 Helene
884 2389 953 2468 541),
972 2386 1058 2474 quod
1080 2399 1129 2450 est
1143 2395 1256 2450 contra
1273 2394 1401 2470 portam
1416 2383 1589 2450 Beniamin
1603 2407 1700 2471 super
1714 2395 1887 2451 torrentem
1903 2387 2033 2452 Cedros
2048 2386 2246 2452 collocatum.

700 2504 795 2570 Ultra
815 2513 990 2568 torrentem
1011 2525 1089 2567 uero
1112 2500 1242 2568 Ocdrou
1260 2501 1295 2564 iu
1316 2499 1418 2565 latere
1439 2500 1621 2588 aquilonari
1642 2503 1759 2567 montis
1781 2501 1889 2567 oliueti
1911 2513 1960 2567 est
1979 2525 2073 2568 mons
2095 2502 2247 2580 aliusw)

577 2621 724 2686 similiter
743 2618 876 2684 multum
899 2619 993 2701 altus,
1015 2619 1062 2682 lV
1084 2616 1196 2682 stadiis
1219 2616 1345 2680 distans
1368 2615 1409 2681 ab
1435 2615 1620 2698 Ierusalem,
1641 2617 1698 2680 ubi
1715 2616 1868 2683 Salomon
1886 2618 2038 2700 Chamos,
2058 2617 2147 2684 idolo
2159 2617 2249 2682 Moa-

578 2737 728 2819 bitarum,
750 2733 904 2822 templum
927 2735 1116 2816 construxit,
1138 2733 1195 2798 ubi
1215 2743 1330 2820 postea
1351 2745 1496 2819 tempore
1510 2731 1762 2798 Machabeorum
1783 2744 1816 2798 et
1829 2733 2049 2799 Romanorum
2066 2735 2249 2800 edificatum

577 2855 637 2918 fuit
657 2865 808 2934 castrum,
831 2851 921 2915 cuius
944 2849 1065 2914 indicia
1087 2847 1192 2914 adhuc
1221 2849 1267 2913 ibi
1291 2863 1373 2924 sunt,
1394 2848 1479 2911 unde
1493 2846 1705 2914 ierosolimite
1717 2850 1846 2914 fuerunt
1860 2849 2081 2936 multipliciter
2097 2850 2248 2914 infestati.

701 2969 759 3033 lsti
782 2981 906 3032 montes
928 2988 1037 3030 omnes
1061 2977 1134 3030 sunt
1155 2986 1260 3052 prope
1281 2967 1388 3030 menia
1408 2967 1561 3047 ciuitatis,
1582 2988 1647 3030 non
1671 2977 1780 3030 tamen
1799 2968 1845 3030 ita
1864 2989 1977 3053 prope,
1998 2976 2035 3030 ut
2051 2965 2127 3030 iude
2146 2967 2250 3053 possit

578 3087 693 3150 ciuitas
716 3083 936 3149 instrumentis
958 3079 1119 3168 aliquibus
1141 3079 1192 3144 uel
1214 3083 1354 3166 ingeniis
1375 3081 1569 3167 impugnari.

703 3199 747 3264 Et
773 3199 831 3264 hec
862 3197 902 3262 de
931 3200 992 3262 situ
1014 3199 1156 3262 ciuitatis
1180 3209 1212 3262 el
1233 3199 1337 3284 portis
1359 3209 1392 3261 et
1412 3197 1575 3262 montibus
1596 3199 1685 3262 circa
1705 3199 1813 3284 ipsam
1836 3195 1924 3262 dicta
1946 3197 2115 3262 sufficiant
2157 3197 2248 3264 Oete·

577 3340 648 3382 rum
670 3314 712 3380 ad
734 3315 984 3400 descriptionem
1008 3315 1111 3400 partis
1132 3325 1227 3395 terre,
1250 3334 1312 3399 que
1334 3311 1440 3377 adhuc
1458 3323 1568 3395 restat,
1590 3311 1768 3379 redeamus.

549 3645 560 3694 1
708 3629 766 3693 IX.
809 3628 862 3693 De
883 3627 1060 3693 Ierusalem
1088 3627 1189 3712 igitur
1216 3626 1423 3714 procedendo
1444 3627 1476 3693 ll
1503 3627 1604 3692 leucis
1624 3641 1736 3692 contra
1759 3627 1929 3714 angulum,
1952 3631 2007 3714 qui
2029 3642 2078 3694 est
2095 3633 2180 3695 inter
2201 3651 2252 3694 oc

582 3745 742 3811 uidentem
766 3757 798 3809 et
822 3743 1088 3832 septentrionem,
1122 3753 1273 3808 estmorae
1295 3747 1358 3804 Silo
1371 3745 1442 3825 ⁵⁴³),
1470 3745 1525 3830 qui
1544 3766 1631 3808 nunc
1652 3751 1694 3806 ad
1713 3756 1847 3807 sanctum
1868 3749 2031 3808 Samuelem
2052 3746 2187 3826 dicitur,
2209 3745 2252 3810 al·

583 3865 651 3928 cior
678 3863 787 3948 utiquc
816 3859 963 3926 omnibus
986 3858 1163 3942 montibus,
1191 3861 1245 3947 qui
1275 3872 1348 3922 sunt
1376 3861 1519 3924 interra
1541 3871 1668 3941 sancta,
1702 3872 1856 3946 quantum
1886 3861 1929 3927 ad
1959 3863 2071 3944 situm3
2105 3861 2253 3926 omnibus

586 3980 672 4044 enim
696 3979 920 4064 supereminet.
962 3975 1006 4038 Et
1027 3975 1125 4040 distat
1147 3997 1166 4041 a
1191 3979 1299 4038 Galae
1323 3979 1425 4036 Saulis
1437 3978 1494 4052 544)
1524 3999 1583 4062 per
1603 3997 1701 4040 unam
1722 3975 1846 4040 leucam
1866 3987 1898 4041 et
1919 3977 2000 4063 plus.
2042 3977 2081 4040 ln
2101 3977 2163 4042 hoc
2184 3976 2254 4042 loen

584 4097 647 4160 tuit
668 4093 768 4159 archa
783 4092 916 4157 Domini
939 4091 1033 4176 longo
1054 4102 1200 4178 tempore
1223 4103 1254 4156 et
1271 4091 1515 4156 tabernaculum
1537 4091 1665 4172 federis,
1688 4091 1773 4179 quod
1792 4092 1913 4157 fecerat
1924 4091 2056 4179 Moyses
2070 4093 2104 4156 in
2117 4093 2254 4158 deserto.

549 4217 564 4266 2
704 4211 756 4274 De
778 4211 842 4272 ista
864 4206 907 4272 ad
928 4207 1053 4271 leucam
1075 4229 1210 4294 paruam
1232 4219 1280 4272 est
1298 4211 1425 4271 Gabaon
1437 4210 1504 4288 ὃ45),
1528 4209 1643 4272 ciuitas
1658 4208 1838 4288 Beniamin,
1863 4210 1924 4273 sita
1945 4210 1980 4272 in
2000 4207 2113 4272 eodem
2134 4219 2251 4288 monte,

583 4326 668 4392 unde
698 4337 729 4390 et
757 4323 802 4388 ibi
832 4322 949 4388 dicitur
976 4325 1075 4388 fuisse
1107 4321 1268 4386 excelsum
1297 4325 1474 4388 maximum
1488 4327 1553 4400 544).
1596 4324 1693 4387 Istius
1722 4325 1862 4388 ciuitatis
1890 4322 1995 4388 incole
2022 4327 2180 4388 miserunt
2210 4323 2252 4387 ad

579 4444 674 4508 Iosue
696 4441 831 4504 nuncios
852 4441 885 4503 in
903 4437 1081 4524 Galgale⁰),
1103 4437 1323 4502 fraudulenter
1344 4441 1498 4504 iacientes
1521 4462 1593 4504 cum
1616 4462 1653 4504 eo
1675 4461 1798 4527 pacem,
1822 4441 1915 4525 quusi
1937 4452 2044 4504 esseut
2066 4441 2099 4502 in
2121 4441 2253 4504 remotis

579 4557 727 4646 partibus
748 4557 920 4620 constituti.

648 4725 675 4794 a)
694 4730 719 4776 et
736 4737 787 4774 om.
806 4719 855 4786 St,
873 4718 958 4773 habet
974 4717 1000 4770 h.
1021 4749 1051 4758 -
1069 4717 1099 4788 b)
1119 4719 1216 4772 Tereia
1235 4715 1276 4772 St.
1295 4725 1371 4770 terra
1387 4719 1427 4772 ed.
1448 4719 1517 4772 Ven.
1538 4749 1569 4759 -
1588 4721 1614 4788 c)
1632 4721 1731 4790 popula
1747 4721 1787 4774 St.

642 4881 713 4949 539)
744 4896 816 4952 aper
836 4875 975 4950 fullonis]
1016 4873 1112 4947 Quem
1140 4873 1178 4930 ab
1206 4872 1396 4932 Hekcldama
1438 4872 1572 4946 Samuel,
1601 4887 1632 4935 ut
1656 4876 1725 4935 dicit
1751 4874 1945 4935 Burchardus.
1988 4875 2024 4936 V.
2053 4874 2166 4934 'I'obler
2192 4874 2253 4936 '1¹0-

580 4999 639 5037 nou
655 4977 768 5035 differre
791 4983 890 5034 ccnaet
907 4972 1062 5032 Toblerus.
1085 4971 1123 5030 V.
1139 4971 1252 5032 chler
1265 4971 1396 5050 Topogr.
1438 4993 1518 5051 pogr.
1541 4996 1570 5032 v.
1587 4976 1687 5036 Jerus.
1709 4975 1749 5036 ΙΙ.
1772 4979 1943 5036 etl-887.
2115 4979 2123 4991 '

580 5099 607 5138 v.
620 5077 682 5136 Jcr.
696 5075 738 5134 11.
754 5079 810 5134 261
836 5077 936 5133 nct‘l.
970 5071 1015 5129 Cf.
1031 5070 1183 5130 Robinson
1198 5069 1261 5130 Pal.
1275 5071 1312 5130 ll.
1331 5075 1395 5131 178.
1501 5080 1572 5148 544)
1598 5075 1706 5134 Galae
1723 5073 1833 5150 Saulis]
1858 5073 1954 5133 Gibea
1966 5074 2130 5144 Beniamin,
2151 5093 2253 5132 recens

642 5180 712 5242 540)
731 5193 813 5231 mons
838 5171 924 5246 Oion]
954 5171 1069 5228 Nomen
1099 5169 1154 5226 hoc
1177 5169 1285 5246 primus
1307 5168 1397 5227 habet
1438 5172 1656 5234 ed·Dschebah.
1689 5172 1724 5232 V.
1748 5172 1861 5232 Tobler
1882 5179 1911 5232 3.
1932 5171 2126 5250 Wunderuug
2146 5195 2174 5252 p.
2196 5179 2251 5235 157

580 5273 765 5332 Burchardus
787 5279 905 5330 auctore
926 5268 1047 5327 Bobius.
1089 5267 1154 5325 Pal.
1175 5267 1214 5326 Π.
1238 5271 1285 5328 25.
1438 5292 1481 5351 sq.
1524 5271 1760 5344 Vandeveldius,
1783 5273 1834 5352 qui
1854 5270 1981 5331 Gibeam
2004 5292 2070 5330 cum
2091 5271 2192 5332 Tuleil
2214 5271 2253 5332 el·

645 5377 715 5445 544)
745 5373 911 5448 sepulcrum
940 5367 1082 5442 Helenae]
1123 5365 1159 5426 V.
1191 5364 1304 5425 Tobler
1334 5367 1395 5426 Tc·
1436 5371 1493 5428 Ful
1526 5373 1690 5450 componit,
1719 5391 1815 5430 errare
1839 5370 1969 5446 videtur,
1996 5391 2107 5449 nosque
2129 5391 2195 5428 cum
2217 5391 2252 5430 eo

581 5493 663 5553 pogr.
686 5493 714 5530 v.
736 5470 834 5530 Jerus.
856 5469 896 5529 ll.
920 5471 1092 5528 299—301.
1117 5469 1185 5526 303.
1436 5480 1507 5529 nota
1530 5477 1598 5530 371.

646 5573 717 5641 542)
739 5578 765 5626 el
787 5589 867 5625 neone
889 5567 975 5641 alius]
1006 5585 1108 5623 recens
1125 5562 1394 5638 Karem-es-seied
1500 5573 1571 5641 545)
1592 5569 1726 5643 Gabaon]
1750 5568 1992 5636 Gibeou.recens
2011 5567 2187 5629 ‹sd-Dselrib.
2215 5567 2252 5628 V.

582 5671 646 5729 Viri
668 5667 802 5728 Galilaei.
846 5665 882 5724 V.
911 5665 1023 5722 Tobler
1050 5664 1107 5722 Die
1136 5661 1337 5744 Siloahquellc
1365 5687 1393 5726 u.
1437 5668 1550 5726 Tobler
1573 5667 1704 5746 Topogr.
1736 5691 1762 5729 v.
1784 5667 1882 5727 Jerus.
1902 5669 1942 5726 11.
1965 5673 2022 5728 545
2046 5685 2091 5747 eq.
2134 5667 2171 5728 V.
2195 5687 2253 5725 van

583 5768 635 5828 der
656 5766 786 5842 Oelberg
808 5786 835 5843 p.
863 5770 991 5834 72-77,
1012 5763 1151 5841 imprimis
1174 5783 1202 5840 p.
1225 5769 1270 5824 74.
1439 5766 1475 5826 de
1495 5765 1591 5825 Velde
1613 5767 1700 5826 Mem.
1724 5771 1783 5828 315
1804 5788 1846 5846 sq.
1882 5787 1909 5826 v.
1931 5766 2058 5824 Raumm
2077 5787 2108 5844 p.
2133 5771 2200 5827 178.

647 5871 718 5940 543)
740 5883 821 5922 mons
843 5863 914 5936 Silo]
948 5861 1002 5920 Est
1023 5865 1142 5941 antiqua
1163 5863 1279 5942 Miapa‚
1313 5885 1396 5924 mous
1503 5871 1573 5937 546)
1596 5867 1738 5924 excelsum
1752 5864 1919 5939 maximum]
1940 5865 2058 5922 Nomen
2071 5867 2180 5923 ercelm'
2192 5865 2219 5926 h.
2234 5866 2253 5925 l.

584 5965 701 6037 Gaudii,
731 5962 847 6022 arabice
870 5960 998 6020 cn·Nebi
1013 5959 1145 6036 Samwil,
1165 5963 1182 6024 i,
1205 5981 1230 6020 e.
1254 5964 1397 6041 propheta
1439 5986 1491 6043 pro
1514 5964 1695 6022 substantivo
1717 5967 1843 6044 positum
1866 5973 1918 6023 est.
