5284 7042
1246 718 1305 783 187

410 920 486 965 anna
507 900 614 985 ipsam
633 894 807 962 eeclesiam
829 906 862 961 et
882 897 1049 983 preoioeas
1070 895 1143 963 illae
1164 895 1361 983 margaritas
1383 918 1494 963 eoram
1515 900 1624 985 porois
1641 930 1682 943 -
1704 894 1912 985 prohdolor!
1936 934 1977 947 -·
1998 920 2088 965 mau-

407 1010 579 1081 duoaudas
599 1022 633 1077 et
652 1013 762 1100 ipsum
781 1010 897 1078 locum.
937 1010 1037 1079 Pater
1051 1012 1180 1094 Sanete,
1201 1022 1237 1077 ut
1257 1034 1388 1077 seruum
1410 1010 1597 1093 redimeret,
1619 1010 1738 1077 Filium
1760 1012 1940 1079 tradidiati!
1961 1014 2005 1079 Et
2028 1038 2088 1103 per
2105 988 2138 1109 ἓξ

407 1152 483 1195 eam
504 1140 633 1217 portam
654 1125 786 1209 Dauid,
813 1148 988 1215 perquam
1008 1129 1263 1209 intraueramus,
1291 1128 1383 1193 exire
1415 1126 1681 1215 permittebamur
1711 1126 1844 1217 reliquis
1866 1130 1988 1197 sanetis
2006 1130 2087 1198 locis

408 1246 446 1311 in
464 1245 597 1311 ciuitate
617 1241 761 1308 nondum
783 1244 973 1331 perspectis.

534 1358 607 1427 Vll.
649 1357 732 1425 lode
751 1379 855 1445 prope
879 1382 990 1427 muroa
1012 1360 1166 1441 ciuitatis,
1188 1360 1245 1447 qui
1265 1358 1374 1425 turriti
1397 1372 1428 1423 et
1449 1358 1525 1425 noui
1547 1368 1579 1423 ot
1599 1358 1768 1425 fortissimi
1784 1370 1867 1439 sunt,
1889 1360 2115 1429 descendent

410 1482 460 1539 tes
480 1475 694 1541 transiuimus
716 1482 844 1561 portam
864 1478 944 1539 nau
964 1477 1127 1557 septam:
1151 1484 1184 1539 et
1204 1474 1348 1541 uidimus
1364 1488 1485 1557 portem
1513 1496 1652 1551 aureum,
1684 1496 1746 1561 que
1767 1474 1889 1541 directe
1910 1480 2085 1566 opponitur

409 1591 512 1655 monti
532 1588 652 1657 olineti.
694 1590 733 1655 lo
755 1590 847 1656 ouius
867 1589 994 1657 foribus
1015 1601 1064 1657 est
1082 1588 1222 1677 quedam
1244 1592 1403 1673 cisterna,
1432 1588 1607 1677 aliqnando
1635 1588 1718 1655 adeo
1739 1590 1894 1675 fecunda,
1927 1604 1962 1659 nt
1983 1614 2025 1659 ox
2045 1610 2118 1663 eat

409 1703 542 1793 quidam
561 1716 691 1773 torrens
712 1728 834 1795 paruus
855 1728 915 1793 per
934 1704 1078 1773 medium
1099 1704 1196 1773 uallis
1212 1706 1369 1795 loeaphat
1390 1717 1422 1773 et
1442 1709 1475 1771 in
1501 1704 1584 1793 pede
1606 1704 1718 1771 oliueti
1739 1705 1901 1775 decurrat.
1936 1709 2002 1775 late
2024 1720 2117 1793 eet,a

408 1842 503 1909 quem
530 1821 690 1889 lohannes
718 1820 988 1911 euangelista²²⁸)
1013 1833 1190 1887 torrentem
1220 1824 1337 1887 Cedros
1369 1820 1523 1911 appellat.
1574 1820 1671 1885 quta
1701 1844 1795 1908 quem
1823 1822 1919 1889 hodia
1946 1826 2008 1891 sita
2035 1837 2116 1897 estt

409 1936 549 2025 quedam
577 1938 716 2005 eeclesia
742 1940 776 2004 in
804 1960 842 2005 eo
869 1937 943 2005 loeo
971 1938 1135 2020 edificata,
1162 1937 1196 2003 in
1224 1960 1287 2027 quo
1308 1949 1454 2025 tempore
1477 1938 1638 2025 pseeionis
1659 1936 1792 2003 Domini
1819 1948 1890 2003 orat
1911 1950 2017 2023 ortus,
2050 1942 2084 2007 in

408 2073 504 2140 quom
524 2052 686 2121 Dominus
713 2076 786 2121 oum
814 2053 985 2143 discipulis
1012 2055 1081 2120 suia
1107 2054 1293 2141 frequenter
1319 2054 1485 2135 conuenit,
1515 2054 1549 2119 iu
1577 2074 1640 2139 qno
1669 2055 1771 2119 eciam
1802 2054 1874 2141 ipse
1896 2054 2084 2123 osculuma

408 2166 489 2233 luda
509 2168 669 2236 traditore
688 2172 826 2259 accepit
867 2170 919 2235 De
940 2170 1058 2259 quibua
1079 2170 1228 2237 omnibus
1249 2179 1386 2235 teatatur
1407 2168 1646 2251 lohanoee²²⁹›,
1668 2168 1724 2234 ubi
1748 2168 1845 2235 dicit:
1869 2176 2017 2253 Eprssrm
2040 2184 2117 2237 erte

411 2290 496 2349 Ietae
518 2298 608 2349 mose
629 2298 788 2349 torrentem
812 2289 941 2367 Cedros,
963 2289 1014 2349 oet
1031 2300 1099 2349 eret
1120 2298 1217 2361 ortes,
1244 2288 1278 2349 ia
1298 2308 1383 2367 quem
1404 2289 1540 2349 introierit
1562 2288 1625 2365 ipae
1647 2297 1674 2347 et
1694 2290 1834 2367 discipuli
1853 2293 1922 2353 eius.
1966 2292 2117 2351 &letare

409 2414 506 2465 aetem
526 2414 554 2465 et
575 2406 896 2477 taruennensem,
925 2409 996 2485 quio
1009 2410 1191 2485 frequenter
1208 2408 1296 2465 lem
1315 2414 1495 2463 conuenerat
1517 2406 1598 2465 ittae.
1640 2400 1684 2467 Et
1703 2411 1839 2467 uocatur
1861 2404 1925 2468 ista
1947 2402 2116 2471 ecclesia?

408 2538 431 2581 a
449 2516 573 2605 populo
595 2522 736 2581 Sanctam
757 2522 853 2581 Pater
872 2518 1069 2599 Noster-¹³⁰),
1097 2528 1130 2583 et
1150 2516 1261 2583 dieunt
1281 2516 1458 2583 Dominum
1481 2518 1515 2585 in
1535 2538 1574 2582 eo
1602 2516 1673 2583 loco
1695 2516 1784 2583 illam
1805 2520 1984 2585 orationem
2006 2542 2082 2587 suos

408 2630 585 2721 discipulos
606 2634 712 2721 prinro
734 2632 893 2701 docuisse.

532 2748 618 2815 Vlll
658 2750 751 2815 Scire
771 2761 879 2817 antem
900 2748 1042 2831 debetis,
1073 2750 1151 2836 quia
1172 2753 1261 2811 aaut)
1282 2752 1429 2829 loraptot
1448 2748 1562 2836 incipit
1589 2752 1673 2815 inter
1692 2770 1802 2815 muroe
1823 2748 2027 2817 Hierusalem
2050 2762 2112 2819 ott

408 2876 549 2931 montem
577 2864 699 2931 olineti.
740 2866 814 2948 Que
842 2868 876 2932 iu
898 2866 1059 2954 principio
1082 2865 1132 2931 eui
1154 2878 1227 2929 arta
1248 2875 1281 2930 et
1302 2864 1523 2945 strictissima,
1553 2866 1587 2931 in
1609 2866 1672 2931 line
1694 2888 1786 2949 uero,
1820 2866 1873 2955 qui
1897 2866 2115 2935 extenditurt

407 2982 476 3047 lere
495 2980 541 3047 ad
561 2982 688 3049 miliare
707 2982 905 3069 gallicanum
914 2990 940 3061 ⁸)
968 2982 1003 3047 in
1025 2982 1179 3047 terminos
1198 2980 1384 3061 Bethleem,
1414 2981 1487 3067 ipsa
1514 2991 1563 3045 eet
1590 2980 1759 3047 latisaima.
1801 2982 1838 3047 ln
1861 2982 1953 3048 cuiue
1975 2986 2116 3071 eapitet

408 3096 551 3167 uidimus
582 3098 752 3165 ecelesiam
781 3100 902 3187 optime
931 3106 1079 3165 ornatam
1090 3098 1149 3175 ²⁸¹)
1175 3106 1208 3162 et
1232 3098 1266 3162 in
1289 3095 1398 3163 medio
1430 3096 1479 3161 sui
1511 3112 1747 3163 monumentum
1777 3097 1918 3185 undique
1946 3096 2020 3164 albo
2051 3112 2082 3165 et

407 3216 558 3281 nimirum
580 3216 727 3299 uirgineo
747 3236 910 3279 marmore
931 3224 1128 3295 contectam,
1157 3213 1192 3279 in
1219 3213 1307 3303 quod
1336 3210 1510 3300 aliquando
1533 3210 1672 3300 apostoli
1694 3212 1936 3279 immaculatum
1962 3236 2081 3304 corpus

407 3328 502 3397 beate
522 3330 659 3415 uirgInis
680 3329 908 3418 deposuerant,
930 3330 995 3405 sil)
1015 3328 1107 3411 illud,
1127 3326 1214 3415 qnod

948 3456 1087 3529 ,gepsme
1105 3448 1139 3509 lit
1157 3447 1299 3529 templum
1319 3448 1427 3523 Deru>
1439 3444 1507 3525 ²³²),

405 3562 462 3631 illa
482 3564 516 3629 iu
537 3574 633 3651 parte
652 3560 766 3650 templi
788 3572 917 3649 poterat
939 3562 1106 3627 contineri.
1148 3560 1186 3627 ln
1212 3582 1276 3647 qno
1301 3560 1366 3648 ipsi
1398 3558 1602 3649 postmodum
1635 3582 1756 3625 manns
1778 3560 1895 3629 celeste
1916 3562 1988 3629 loco
2009 3568 2113 3629 cor-t

408 3680 499 3767 poris
524 3679 725 3744 inuenerunt
768 3676 865 3760 Quod
894 3699 982 3743 nuno
1008 3680 1165 3765 temporie
1193 3677 1316 3743 auriani
1345 3674 1529 3741 saoerdotee
1552 3676 1742 3741 Sarraoenis
1764 3675 1930 3745 tributarii
1951 3681 1985 3745 in
2005 3682 2113 3745 con-⁵

406 3792 506 3882 digna
528 3794 738 3861 ueneratione
758 3792 942 3861 obseruant
985 3794 1016 3861 0
1039 3794 1124 3859 mira
1144 3794 1233 3858 eirca
1254 3814 1324 3875 nos,
1347 3792 1465 3857 Sancte
1487 3790 1596 3873 Pater,
1617 3790 1687 3855 Tuo
1709 3794 1839 3879 pietatie
1862 3790 2023 3881 dignatio,
2045 3796 2113 3863 ut⁸

405 3932 470 3977 uno
497 3908 674 3997 eodemque
705 3910 760 3977 die
787 3909 972 4000 sepulcrum
1001 3922 1114 3976 sancte
1140 3909 1255 3975 matris
1279 3919 1312 3973 et
1339 3908 1389 3973 sui
1418 3906 1510 3989 Filii,
1547 3906 1610 3973 Tui
1638 3908 1750 3974 Sancti
1780 3906 1880 3975 Uerbi
1908 3912 2080 3995 incarnati,

405 4024 519 4093 uidere
541 4027 754 4093 mereremur!
777 4060 817 4075 -
838 4027 936 4094 lnxte
958 4029 1100 4115 parietes
1121 4026 1225 4114 ipsine
1247 4022 1384 4091 eoelesie
1402 4024 1486 4087 iacet
1505 4046 1580 4104 sper
1592 4026 1683 4107 spati
1694 4024 1770 4107 ²³³),
1792 4046 1887 4113 quom
1909 4026 2001 4093 ludei
2022 4030 2112 4107 tri-s

405 4144 497 4229 ginta
522 4142 687 4229 argenteio
713 4140 837 4209 aloda
864 4144 994 4209 reiectis
1021 4144 1055 4209 in
1087 4140 1287 4227 sepulturam
1315 4140 1560 4228 peregrinorum
1591 4152 1874 4225 comparauerunt.
1917 4139 1982 4223 Qui
2003 4140 2112 4215 liceto

406 4280 471 4325 non
492 4260 535 4325 ait
553 4258 680 4345 longus,
702 4258 906 4348 protenditur
926 4270 1035 4325 tamen
1056 4279 1078 4323 a
1098 4259 1200 4324 muris
1219 4254 1427 4321 Hierusalem
1449 4274 1551 4339 usqne
1573 4252 1615 4319 ad
1631 4266 1771 4321 montem
1787 4255 1906 4323 oliueti.
1946 4256 2000 4323 Ex
2015 4280 2079 4347 quo
2096 4278 2113 4331 o

404 4374 626 4456 ooosideretis,
647 4376 724 4461 quia
743 4374 798 4441 ille
818 4398 911 4441 mons
931 4374 1054 4441 directe
1074 4384 1125 4439 est
1145 4376 1227 4439 sitne
1242 4392 1351 4459 super.
1385 4369 1437 4435 Do
1449 4369 1511 4435 hoo
1523 4392 1603 4457 agro
1620 4368 1699 4437 dioit
1718 4370 1832 4437 boatus
1846 4370 2009 4439 Mattheus
2020 4376 2079 4453 ²⁸⁴)
2101 4400 2130 4451 ιθ

403 4490 438 4557 in
459 4490 545 4557 huuc
565 4489 713 4557 modum:
742 4494 872 4555 Consilio
899 4506 996 4554 aeteae
1024 4497 1097 4553 irrito
1124 4498 1257 4551 mmet
1277 4510 1316 4549 ex
1335 4490 1396 4549 iltis
1417 4510 1522 4567 aprum
1534 4490 1625 4571 spati
1653 4490 1684 4549 in
1702 4494 1884 4568 sepulteram
1902 4498 2077 4573 peregrino·

404 4628 480 4671 nur.
522 4610 653 4689 Propter
672 4612 727 4671 dor·
747 4620 868 4671 uocatas
888 4620 934 4671 est
954 4630 1028 4689 oper
1047 4610 1098 4669 itte
1117 4608 1326 4679 umidam,
1358 4606 1411 4665 tos
1430 4618 1473 4665 ert
1500 4626 1574 4683 aper
1595 4607 1767 4683 sanguinis,
1797 4628 1887 4687 usque
1908 4612 1939 4669 r'a
1960 4612 2076 4671 dedier·
2098 4634 2124 4687 η

404 4744 473 4785 aare
498 4728 584 4787 diem.
623 4722 663 4789 lu
692 4744 756 4809 quo
782 4744 868 4788 nunc
896 4724 1053 4812 temporis
1074 4719 1274 4800 Christiani,
1303 4720 1560 4785 sarracenorum
1591 4720 1730 4806 captiui,
1758 4720 1967 4809 sepeliuntur.
2009 4723 2076 4789 lieo
2096 4712 2127 4833 κ

406 4837 534 4922 mirum,
555 4840 583 4905 si
605 4837 737 4905 domins
755 4850 886 4921 nostra,
908 4836 1092 4927 exemplum
1113 4838 1212 4903 auius
1234 4834 1441 4917 humilitatis,
1468 4836 1501 4901 in
1522 4836 1668 4901 termInis
1689 4834 1777 4901 illius
1798 4837 1871 4923 agri
1894 4836 1998 4903 locum
2019 4862 2076 4907 aue

471 4980 1833 5057 annuum-utronea.-ovmnmeaestuunxisssqseuseqoeau

462 5130 536 5201 228)
556 5127 704 5187 totunm
723 5126 917 5205 eaoapetr‘atol
938 5122 1060 5197 mn,
1084 5130 1109 5188 l.
1262 5125 1319 5185 tet
1343 5120 1399 5181 No.
1419 5118 1527 5181 cxlx
1548 5132 1599 5183 etr.
1621 5118 1680 5181 lV:

462 5294 536 5365 228)
558 5298 688 5351 testatar
706 5292 864 5370 luam}
886 5290 1007 5364 xvnl,
1032 5295 1058 5353 l.
1427 5230 1814 5386 ᾘᾞἿἭ,

463 5460 539 5533 rso)
559 5454 589 5517 a
620 5456 714 5514 ram
743 5457 865 5533 rosal
898 5454 935 5519 v.
961 5456 1075 5519 unua
1103 5455 1153 5519 ns
1173 5456 1219 5517 ez·
1427 5400 1795 5553 'mom-rpite:

401 5554 568 5635 mima·
589 5574 618 5615 ⁸·
639 5552 693 5615 ³⁸¹
713 5554 845 5635 ⁰⁰¹¹*ss
863 5577 893 5638 P·
913 5560 1087 5621 ²³⁹4st
1266 5586 1356 5648 llnne
1391 5608 1508 5647 versum
1550 5608 1586 5649 es
1624 5606 1712 5669 prosa
1747 5584 1857 5649 oodieia
1884 5598 1915 5650 et
1940 5588 2077 5653 editionis

462 5720 535 5783 eso
556 5718 705 5797 meaa]
727 5717 765 5781 v.
783 5718 899 5782 roua
920 5720 1052 5803 earnm.
1073 5742 1102 5803 p.
1119 5724 1218 5785 ro-
1258 5686 1389 5747 ΜΝ
1412 5688 1548 5749 “¹¹³²‘'-
2052 5790 2058 5803 ι

404 5821 471 5879 ιοι,
1320 5790 1393 5859 288)
1421 5806 1496 5863 ager
1518 5784 1617 5865 figuti]
1651 5782 1688 5843 V.
1720 5782 1834 5847 'l'oblsr
1865 5784 2077 5869 'l'opographrs

1259 5906 1319 5947 son
1339 5882 1509 5945 dmoaalssa
1531 5884 1571 5945 ll.
1595 5885 1652 5945 lul
1674 5904 1737 5965 sqq.

461 5980 535 6049 222)
556 5992 675 6059 repente
696 6016 736 6029 -·
758 5984 826 6061 oa]
853 5980 920 6045 Vsd.
943 5982 1077 6047 Danielis
1097 5984 1173 6047 tltea.
1194 5985 1218 6047 1.
1323 5988 1393 6054 tat)
1417 5982 1565 6059 Metleasl
1590 5980 1725 6056 xxvln
1749 5988 1774 6043 l.
1798 5988 1824 6045 8.

1814 6098 1866 6151 28”

406 6387 575 6531 Δ

406 6647 617 6655 —
