5284 7042
841 1954 1130 2033 PRAEFATIO
1156 1954 1416 2035 EDITIONIS
1443 1960 1651 2037 PRIORIS.

535 2219 721 2288 Wilbrandi
741 2223 951 2301 itinerarium,
972 2223 1121 2309 ‹luamvis
1140 2234 1288 2289 extrema
1310 2234 1405 2311 parte
1426 2226 1617 2307 mutilatum,
1639 2234 1675 2291 ut
1696 2226 1874 2307 ederemus,
1897 2224 2078 2313 complures

410 2362 470 2407 nos
489 2336 697 2403 adduxerunt
717 2340 868 2404 rationes.
909 2338 1040 2403 Etenim
1061 2360 1159 2425 quum
1180 2336 1400 2407 illustrissima
1422 2344 1591 2429 scriptoris
1613 2342 1738 2427 origine
1745 2390 1754 2423 ,
1784 2352 1851 2407 tum
1878 2342 1981 2431 ipsius
2002 2340 2078 2407 libri

411 2457 516 2545 pretio
536 2454 652 2518 iterum
672 2454 852 2541 iterumque
873 2454 1099 2535 monebamur,
1120 2463 1157 2519 ut
1178 2454 1316 2539 spissas,
1339 2456 1456 2543 quihus
1478 2460 1540 2523 viri
1563 2470 1594 2523 et
1614 2458 1772 2523 memoria
1793 2470 1824 2522 et
1845 2458 1999 2543 scriptum
2021 2459 2078 2523 im·

410 2571 525 2637 merito
545 2567 687 2635 obducta
707 2570 866 2653 iacebant,
885 2569 1038 2635 tenebras
1060 2568 1234 2655 dispellere
1257 2570 1469 2637 studeremus.
1514 2572 1667 2639 Nicolaus
1690 2572 1896 2637 Schotenius:
1927 2578 2081 2649 „Torani

411 2688 531 2771 inquit,
560 2688 636 2761 „iter
655 2709 737 2747 soum
762 2690 981 2749 Willehrondur
1001 2692 1143 2765 eleganti,
1169 2700 1201 2747 ot
1223 2695 1283 2747 tum
1301 2692 1440 2761 serebant
1463 2700 1613 2769 tempera,
1641 2692 1817 2751 narratione
1840 2694 2079 2769 complexuum.

410 2807 470 2867 Seu
496 2825 575 2863 nenr
602 2808 663 2861 eius
690 2806 856 2863 dor-trinam
884 2826 921 2863 ex
946 2805 1065 2863 erudita
1092 2806 1149 2863 hoe
1170 2804 1384 2880 lucubratione,
1403 2826 1454 2865 seu
1477 2806 1569 2885 mopir
1590 2808 1757 2885 relipionem
1775 2810 1971 2883 pietatemque
1992 2806 2080 2865 nesti·

410 2942 494 2983 mare
513 2922 589 2993 libet,
611 2918 724 2979 illectre
743 2941 817 2980 rane
834 2920 956 2979 virtutis
974 2918 1183 2997 doctrinaeque
1204 2926 1350 2995 aperimen
1372 2942 1410 2979 err
1429 2922 1554 2999 privato
1579 2922 1716 2981 eanont'ei
1738 2922 1799 2979 rita
1821 2919 1932 2983 dedit.“
1968 2918 2078 3007 Neque

411 3032 594 3119 negabitur,
615 3030 801 3097 Wilbrandi
821 3032 1114 3119 peregrinationem
1135 3054 1217 3119 puro
1240 3030 1415 3097 admodum
1438 3033 1605 3121 nitidoque
1628 3054 1774 3099 sermone
1790 3044 1983 3115 enarratam,
2003 3058 2077 3119 geo·

411 3148 548 3236 graphio
570 3151 694 3233 pariter
714 3158 811 3237 atque
832 3148 996 3213 historicis
1017 3157 1049 3211 ct
1069 3148 1141 3213 usui
1163 3148 1250 3229 iore,
1278 3148 1409 3233 suisque
1430 3149 1536 3215 adhue
1557 3148 1715 3215 fructibus
1737 3150 1890 3213 caruisse.
1934 3148 2077 3235 Geogra·

411 3265 509 3353 phica
530 3266 613 3329 enim
636 3262 732 3329 medii
754 3264 838 3343 aevi,
860 3262 994 3329 Ciliciae
1015 3262 1194 3349 imprimis,
1224 3265 1365 3349 cognitio
1385 3287 1448 3329 non
1471 3266 1583 3351 paucis
1607 3287 1627 3330 s
1650 3262 1843 3330 Wilbrando
1864 3276 2001 3349 augetur
2022 3288 2077 3331 no

411 3380 571 3460 minibua3
597 3380 750 3445 Austriae
772 3378 934 3443 historicis
956 3376 1195 3465 Leopoldorum
1222 3380 1306 3443 sexti
1335 3391 1367 3443 et
1388 3381 1518 3467 septimi
1539 3402 1590 3445 res
1611 3390 1721 3465 gestas
1746 3379 1788 3445 ab
1810 3403 1847 3445 eo
1871 3394 2077 3461 memoratae,

412 3493 583 3583 philologis
605 3506 700 3581 porta
717 3492 899 3559 Alexandri
917 3492 961 3559 M.
981 3492 1096 3558 libroI
1118 3516 1190 3579 cap.
1205 3493 1320 3559 XVIII
1341 3496 1524 3561 accuratius
1545 3494 1719 3583 descripta,
1741 3494 1903 3559 literariae
1923 3494 2078 3561 historiae

412 3610 627 3699 scriptoribus
654 3611 858 3675 narrationes
886 3608 928 3675 de
954 3608 1127 3697 Apollonio
1157 3608 1260 3696 Tyrio
1287 3622 1320 3673 et
1354 3610 1393 3673 de
1416 3610 1571 3695 Virgilio,
1597 3632 1677 3697 quae
1705 3612 1835 3695 attingit
1857 3608 2078 3693 Wilhrandus,

413 3728 529 3791 merito
558 3726 677 3791 dehent
704 3725 931 3791 commendari.
973 3726 1011 3791 In
1043 3724 1241 3790 recensendo
1270 3724 1332 3791 hoo
1359 3728 1526 3791 itinerario
1553 3739 1684 3813 praeter
1705 3726 1876 3791 editionem
1899 3728 2078 3814 principem

412 3844 488 3909 anni
508 3842 684 3907 llllCLlll
706 3843 751 3905 uti
772 3841 869 3905 nobis
890 3840 1027 3925 contigit
1051 3840 1259 3927 apographo,
1285 3840 1374 3927 quod
1396 3840 1530 3925 Georgii
1549 3843 1671 3908 Pertzii
1695 3842 1884 3907 humanitati
1910 3858 2078 3930 acceptum

411 3962 595 4039 referimus,
617 3956 828 4037 berolinensi,
850 3954 958 4021 seculo
974 3955 1071 4021 XVII
1092 3955 1218 4021 duabus
1240 3956 1389 4023 manibus
1410 3960 1593 4045 conscripto
1615 3958 1775 4045 ductoque
1790 3980 1831 4023 cx
1850 3956 1963 4023 codem
1980 3960 2078 4041 sonte,

411 4075 496 4143 unde
516 4074 634 4139 Leonis
653 4071 765 4137 Allatii
795 4073 864 4135 sive
886 4068 1035 4137 bertoldi
1058 4070 1184 4137 Nihusii
1210 4071 1331 4147 [allatii
1354 4076 1543 4155 Συμιιίκτοις
1566 4074 1810 4161 comprehensu)
1839 4072 1935 4139 editio
1967 4096 2074 4139 mauu·

412 4194 469 4257 sit.
512 4190 564 4255 lle
585 4214 644 4253 euo
667 4188 751 4253 libro
773 4192 994 4275 manuscripto
1015 4188 1096 4253 hacc
1117 4188 1196 4253 dicit
1215 4187 1372 4253 Allatiua:
1404 4187 1641 4270 „ll'illebrandi
1670 4190 1797 4275 copiam
1829 4190 1904 4253 lecit
1927 4188 2004 4255 mihi
2027 4214 2075 4255 re·

412 4331 482 4374 rum
502 4306 615 4371 harum
637 4304 853 4393 peritissimus
874 4303 979 4369 Lucas
1000 4302 1204 4383 llolsteuius,
1233 4325 1327 4389 quern
1359 4326 1399 4367 ex
1420 4304 1622 4370 Bibliotheca
1642 4304 1790 4369 I'utoana
1814 4302 1988 4385 habuerat,
2020 4304 2076 4369 de·

412 4426 568 4509 scriptum
594 4444 635 4485 ex
655 4433 781 4485 vetusto
801 4420 1022 4507 manuscripto
1039 4420 1215 4484 Braoenais
1241 4420 1426 4484 monasterii
1446 4442 1546 4507 prope
1566 4420 1803 4485 Suessionemf‘
1831 4418 1932 4485 Cuius
1953 4420 2074 4485 codicis

410 4537 588 4625 exemplar,
614 4536 724 4603 scorrlo
747 4536 826 4601 xvi
857 4549 983 4617 ortum,
1010 4535 1146 4599 Parisiis
1177 4536 1340 4599 asservari
1371 4534 1497 4599 dicittu.
1540 4532 1626 4606 (vid.
1653 4536 1748 4599 Porta
1778 4532 1901 4603 Archiv
1925 4536 1993 4601 l'll.
2022 4546 2076 4615 15.)

411 4654 644 4743 apographon,
667 4652 753 4741 quod
776 4650 978 4733 contulimus,
1000 4650 1202 4715 berolinense
1222 4652 1410 4734 insignitum
1432 4663 1495 4715 ost:
1518 4648 1576 4713 llo.
1601 4650 1694 4715 Ilien.
1717 4649 1754 4716 C.
1776 4648 1846 4714 Fol.
1869 4660 1918 4719 litt.
1960 4652 2025 4717 Nos
2047 4654 2077 4719 ci

410 4784 519 4835 notam
541 4770 569 4835 B
590 4768 748 4834 dedimus.

534 4884 703 4951 Dabamus
725 4883 907 4967 lIamburgi
929 4882 1088 4947 Paschatc
1108 4906 1137 4949 a
1159 4880 1449 4947 blllCCl'Lb'llll.
