5284 7042
1405 706 1444 769 82

589 905 691 964 suum,
714 882 956 960 interfecimus
997 882 1079 946 Item
1101 881 1140 944 de
1163 883 1250 946 fossa
1275 881 1389 946 cadem
1411 893 1524 948 contra
1545 883 1756 963 occidentem,
1778 898 1934 970 quantum
1957 883 2008 948 his
2030 898 2137 970 potest
2156 886 2265 949 iacere

588 1021 700 1078 arcus,
732 999 765 1062 in
798 1009 905 1063 monte
937 997 1078 1084 quodam
1107 1019 1126 1061 a
1157 996 1258 1060 latere
1281 995 1393 1060 Ebron
1425 1009 1475 1061 cst
1502 997 1656 1085 spelunca
1681 999 1818 1084 quedam
1840 1002 1873 1064 in
1893 1021 1992 1086 rupe,
2025 998 2082 1064 ubi
2102 999 2213 1064 Adam
2232 1015 2264 1064 ct

586 1113 728 1190 Eua⁵⁹¹l
750 1113 843 1196 Abel,
863 1113 964 1178 lilium
988 1136 1090 1194 suum,
1113 1113 1266 1176 luxerunt
1288 1111 1315 1178 C
1338 1113 1442 1176 annis.
1485 1113 1567 1178 Sunt
1586 1113 1681 1180 hodie
1702 1116 1736 1180 in
1761 1114 1916 1202 spelunca
1946 1115 2021 1180 lecti
2042 1114 2213 1181 amborum
2234 1128 2264 1180 et

586 1229 659 1294 fons
679 1230 766 1294 intus
789 1231 986 1310 scaturiens,
1008 1228 1049 1292 de
1073 1249 1136 1314 quo
1158 1227 1320 1292 biberunt.

537 1348 569 1398 26
710 1344 763 1410 De
783 1344 897 1410 Ehron
915 1345 947 1410 II
966 1343 1066 1408 leucis
1089 1357 1201 1408 contra
1223 1353 1367 1408 austrum
1388 1356 1437 1407 est
1453 1348 1559 1417 Dahis,
1579 1367 1642 1431 que
1663 1357 1712 1410 est
1729 1347 2037 1427 curtaraapterffl),
2058 1345 2094 1410 id
2115 1363 2164 1411 est
2186 1348 2265 1412 ciui·

587 1469 637 1524 tas
657 1457 833 1541 literarum,
855 1483 949 1548 quam
971 1463 1057 1546 cepit
1073 1457 1234 1540 Othoniel,
1253 1457 1337 1522 lilius
1346 1466 1371 1534 Ι1)
1387 1458 1493 1525 Cenez
1503 1463 1539 1541 ¹³),
1563 1461 1663 1525 frater
1679 1459 1779 1528 Celet
1803 1463 1921 1545 iunior,
1945 1476 1976 1526 ct
1998 1461 2087 1528 dedit
2103 1463 2133 1526 ei
2145 1462 2265 1532 Aram,

587 1575 687 1640 filiam
711 1579 879 1654 mamm).

537 1701 567 1750 21
716 1691 768 1754 De
788 1691 901 1758 Ebron
920 1693 952 1758 II
973 1692 1073 1758 leucis
1100 1703 1212 1756 contra
1234 1689 1419 1776 aquilonem
1447 1705 1495 1755 est
1514 1691 1841 1775 Nehelescholods,
1869 1695 1889 1758 i.
1913 1715 1938 1758 c.
1959 1706 2087 1758 torrens
2107 1692 2194 1757 botri
2207 1693 2250 1736 ⁵⁰⁵

588 1809 640 1874 uel
667 1807 761 1873 uallis
788 1807 1012 1890 lacrimarum,
1042 1807 1127 1872 unde
1160 1805 1383 1892 exploratores
1409 1805 1549 1872 tulerunt
1576 1806 1774 1894 palmitemd)
1803 1831 1875 1873 cnm
1898 1831 1962 1874 uua
1983 1811 2129 1888 suam),
2163 1831 2260 1896 quam

589 1923 766 2010 portabant
787 1926 820 1988 in
841 1930 963 2000 uecte⁰l
985 1923 1048 1990 duo
1071 1923 1142 1986 uiri.

712 2037 766 2104 Ad
795 2038 900 2104 leuem
927 2040 1022 2104 huius
1050 2038 1144 2104 uallis
1174 2059 1231 2124 per
1258 2035 1426 2100 dimidiam
1455 2034 1581 2102 leucam
1609 2037 1776 2104 descendit
1802 2043 1907 2120 riuus,
1947 2043 1979 2104 in
2006 2063 2069 2124 quo
2091 2038 2262 2126 Philippus

589 2155 769 2242 baptizauit
791 2155 972 2220 eunuchum
984 2157 1050 2232 ΙΙΙ).

537 2284 569 2335 28
711 2271 763 2336 Dc
787 2269 998 2336 Neheleschol
1020 2271 1067 2336 IV
1094 2269 1196 2334 leucis
1226 2277 1338 2333 contra
1364 2266 1538 2331 Ierusalem
1564 2283 1612 2333 est
1638 2275 1738 2332 <lanua
1758 2273 1991 2352 Zachariam),
2024 2273 2058 2335 in
2086 2293 2184 2358 quam
2215 2274 2261 2336 in·

589 2389 687 2453 trauit
708 2387 805 2452 beata
827 2389 920 2472 uirgo
940 2401 971 2450 et
991 2384 1145 2451 salutauit
1166 2381 1347 2448 Elizabeth.
1391 2381 1457 2446 Ubi
1479 2385 1582 2447 eciam
1603 2398 1698 2450 natus
1720 2385 1833 2452 beatus
1855 2386 2014 2452 Iohannes
2037 2385 2190 2473 baptista.

537 2519 569 2570 19
711 2503 763 2568 De
795 2503 890 2568 domo
918 2503 973 2568 illa
994 2503 1026 2567 Π
1054 2501 1153 2565 leucis
1182 2511 1293 2564 contra
1322 2495 1505 2584 aquilonem
1534 2512 1583 2564 est
1603 2503 1774 2582 Nouem),
1807 2503 1923 2568 ciuitas
1957 2501 2177 2584 sacerdotum,
2207 2503 2261 2568 ubi

587 2619 699 2684 Dauid
721 2619 763 2684 ab
785 2617 974 2683 Abimelech
997 2615 1166 2682 sacerdote
1189 2615 1315 2701 accepit
1337 2612 1481 2699 gladium
1504 2613 1624 2680 Goliad
1647 2615 1774 2680 (lethei.

539 2741 571 2793 ³0
713 2735 764 2799 De
784 2733 971 2799 Bethlehem
995 2757 1058 2798 una
1080 2732 1171 2797 leuca
1192 2743 1223 2795 et
1245 2729 1328 2816 plus,
1350 2731 1420 2809 uia,
1444 2752 1505 2816 que
1528 2729 1616 2794 ducit
1637 2731 1796 2814 chuam,
1824 2745 1874 2798 est
1894 2741 2061 2814 repellerem
2081 2742 2180 2796 sancti
2199 2741 2262 2797 Ka-

591 2853 773 2928 riotl11100)
804 2849 933 2914 abbatis
962 2873 1034 2914 cum
1064 2850 1129 2912 suis
1160 2845 1343 2924 monachis,
1375 2845 1430 2932 qui
1462 2867 1573 2910 omnes
1603 2869 1640 2912 eo
1667 2849 1827 2934 migrante
1856 2852 2087 2933 migraucrunt.
2130 2849 2176 2914 Et
2203 2850 2260 2914 fuit

590 2965 753 3054 quondam
777 2988 951 3030 concursus
974 2987 1110 3048 magnus
1133 2961 1175 3028 ad
1198 2962 1303 3028 locum
1325 2963 1442 3048 ipsum.

921 3177 1087 3247 INCIPIT
1109 3175 1249 3242 PRIMA
1271 3175 1442 3241 DIUISIO
1465 3175 1648 3257 QUARTE
1670 3179 1929 3246 AUSTRALIS.

556 3335 565 3384 ι
712 3313 754 3378 Χ.
797 3315 909 3378 Prima
938 3312 1055 3376 diuisio
1089 3318 1202 3398 quarte
1232 3307 1385 3373 australis
1405 3308 1521 3396 incipit
1545 3309 1588 3374 ab
1609 3312 1734 3394 Accon,
1768 3315 1850 3378 sicut
1878 3335 1989 3377 omnes
2018 3309 2091 3376 alic.
2132 3313 2170 3377 In
2198 3335 2261 3398 qua

588 3429 693 3516 primo
715 3429 781 3494 IIII
801 3429 901 3493 leucis
924 3427 964 3491 de
985 3427 1097 3490 Accon
1118 3429 1257 3490 occurrit
1279 3425 1395 3489 ciuitas
1417 3427 1557 3506 Cuyplrcs
1570 3430 1638 3509 901),
1663 3428 1721 3493 sub
1744 3429 1964 3516 pedemontis
1988 3427 2139 3494 Carmeli.

554 3565 568 3616 2
641 3597 642 3602 ,
712 3545 765 3610 De
787 3542 925 3630 Caypha
946 3543 994 3607 III
1023 3541 1122 3606 leucis
1155 3553 1266 3606 contra
1296 3551 1441 3604 austrum
1469 3554 1518 3605 est
1546 3545 1686 3605 Castrum
1709 3547 2002 3626 perminor-amm)
2034 3545 2172 3608 fratrum
2203 3545 2260 3608 mi·

654 3727 681 3788 a)
701 3723 793 3780 Verbs
814 3726 941 3780 Othonicl
950 3725 1031 3792 filias
1049 3741 1101 3778 cm.
1120 3723 1153 3778 St
1164 3723 1190 3776 h.
1212 3749 1242 3762 -
1264 3721 1292 3781 bl
1311 3721 1393 3775 aasz
1411 3739 1494 3791 saper
1512 3723 1615 3793 Culcplt
1633 3724 1672 3779 St.
1691 3756 1722 3764 —
1740 3736 1766 3796 c)
1785 3727 1946 3781 neellceclol
1957 3728 1997 3780 St.
2019 3757 2051 3764 -
2068 3725 2098 3793 dl
2110 3726 2261 3796 planiciem

724 3807 921 3880 suparatum
939 3807 964 3862 h.
985 3839 1013 3848 -
1041 3809 1066 3876 cl
1086 3815 1163 3862 nocte
1180 3805 1248 3860 Sth.
1268 3813 1341 3860 uerte
1359 3805 1411 3858 Ed.
1430 3804 1499 3860 Vra.
1517 3837 1548 3846 —
1568 3809 1594 3875 f)
1612 3809 1748 3863 Korrr'oth
1766 3809 1806 3864 st.
1841 3810 1906 3865 Cod.
1926 3809 2008 3864 Beru.
2027 3809 2111 3863 habet
2131 3810 2260 3866 Xuritoa.

651 3985 721 4048 599)
747 3979 880 4057 Cayu—
897 3980 1055 4056 interfecit]
1074 3978 1109 4040 V.
1127 3979 1220 4038 Ritter
1232 3977 1310 4037 XVI
1333 3981 1401 4038 213.
1507 3983 1577 4050 598)
1597 3982 1696 4038 «tonsa
1718 3983 1896 4057 Zachariae]
1924 3981 2022 4061 Prope
2054 3979 2123 4040 ’Ain
2148 3981 2260 4040 Ki'rim

649 4087 719 4154 591)
741 4083 836 4139 Adam
859 4089 886 4138 et
907 4079 985 4154 Eua]
1008 4077 1045 4138 V.
1067 4077 1161 4136 Rittcr
1181 4075 1267 4136 XVI.
1291 4081 1360 4138 213.
1444 4085 1488 4134 est
1509 4075 1574 4134 Mir
1596 4075 1758 4150 Sakirieh‚
1780 4079 1883 4140 domus
1907 4080 2074 4152 Zachariae,
2098 4099 2174 4160 quae
2195 4089 2262 4140 sunt

649 4186 718 4256 592)
741 4181 854 4250 Duhir,
880 4199 932 4256 quc
962 4187 1004 4236 est
1029 4176 1269 4253 Curiotdscpler]
1299 4174 1401 4246 Debir,
1443 4175 1545 4233 ruinae
1567 4178 1730 4256 ampliores.
1766 4179 1802 4240 V.
1827 4179 1940 4238 Tobler
1961 4179 2092 4259 Topogr.
2115 4199 2142 4238 v.
2164 4179 2261 4239 Jeme.

585 4265 1025 4356 KiriathSann'alrs.Sepher,
1048 4276 1321 4344 assuescamus
1344 4275 1401 4332 rui·
1444 4273 1483 4338 ΙΙ,
1508 4279 1677 4338 ess-394.
1722 4275 1780 4352 Qui
1808 4288 1954 4338 recentem
1976 4279 2099 4347 Iuttam,
2127 4299 2203 4358 quae
2223 4281 2260 4337 sit

584 4399 641 4438 nae
666 4381 696 4438 in
722 4378 771 4436 via
791 4377 830 4436 ad
851 4375 1016 4453 Doberijeh
1043 4374 1184 4444 ducente,
1212 4372 1284 4432 duas
1305 4393 1399 4452 prope
1443 4375 1562 4452 antiqua
1592 4375 1660 4435 urbs
1682 4376 1770 4448 Iuda,
1797 4397 1897 4436 verum
1923 4379 1982 4436 nati
2003 4376 2143 4435 Iohannis
2166 4375 2259 4456 bapti-

584 4478 671 4538 horas
694 4476 883 4535 abHebrone
906 4474 1026 4536 distans.
1065 4473 1101 4532 V.
1124 4473 1219 4530 Ritter
1233 4471 1318 4532 XVI.
1343 4478 1395 4532 151
1442 4481 1504 4532 stac
1526 4474 1620 4532 locum
1643 4495 1708 4534 esse
1730 4477 1854 4534 coniicit.

584 4582 695 4648 -153,
716 4577 765 4654 qui
787 4575 906 4646 inlutis,
928 4583 960 4632 nt
980 4573 1106 4645 videtur,
1137 4570 1305 4630 Burchardo
1329 4591 1399 4647 neg·
1504 4578 1575 4645 599)
1605 4573 1694 4648 Nolae]
1735 4573 1943 4639 Betlraunaba,
1977 4593 2054 4632 nnnc
2084 4573 2138 4632 Ber
2163 4571 2261 4642 Nuba,

584 4675 670 4746 lecto,
690 4685 758 4753 post
778 4673 991 4752 Hieronymum
1015 4672 1160 4730 neminem
1183 4669 1283 4729 urbem
1307 4669 1400 4729 Dchir
1442 4669 1479 4728 ed
1502 4671 1648 4729 introitum
1672 4671 1762 4731 Wadi
1784 4673 1948 4742 Soleiruiru,
1967 4673 2055 4731 vallis
2080 4669 2259 4734 Salomonis:

584 4772 772 4854 descripsisse
794 4772 871 4833 dicit.
897 4786 900 4794 ’
1442 4790 1469 4828 v.
1490 4790 1548 4828 van
1570 4768 1607 4828 de
1631 4769 1725 4830 Veldc
1746 4771 1832 4831 Mem.
1858 4793 1884 4850 p.
1908 4777 1976 4834 337.
1997 4770 2151 4830 Robinson
2174 4771 2211 4831 N.
2224 4773 2258 4832 1¹.

648 4879 717 4946 593)
743 4871 938 4931 01110πί21-
960 4869 1051 4944 saurir]
1080 4868 1186 4926 Iosuae
1216 4867 1318 4946 capitis
1339 4867 1402 4924 XV
1445 4889 1472 4947 p.
1500 4875 1565 4930 ruo.
1601 4868 2027 4949 'Iohle1·3.Wanderungp.
2052 4874 2108 4930 188
2132 4891 2176 4949 sq.

584 4991 670 5030 versu
697 4979 732 5032 17
755 4990 900 5051 perpenso
923 4967 1013 5028 verba
1034 4965 1268 5044 Otdooielfiliur
1291 4963 1401 5024 librarii
1506 4971 1577 5039 660)
1599 4972 1762 5043 sepulcrum
1794 4970 1892 5026 amai
1913 4969 2049 5043 Karistia]
2081 4969 2128 5026 De
2159 4979 2259 5028 sancto

584 5071 694 5128 incuria
714 5071 822 5128 omissa
845 5088 908 5126 case
930 5065 1110 5125 videbamus.
1444 5065 1603 5124 Charitone
1624 5089 1650 5126 v.
1675 5065 1788 5125 'sobler
1812 5067 1943 5147 Topogr.
1966 5089 1994 5128 s.
2015 5067 2115 5127 Jerus.
2136 5069 2176 5128 II.
2202 5075 2258 5130 569

646 5173 717 5242 594)
740 5167 938 5241 chclescholl
969 5165 1006 5224 V.
1028 5163 1178 5224 Robiuscn
1199 5163 1262 5222 Pal.
1286 5162 1308 5222 I.
1333 5167 1400 5233 356,
1442 5168 1553 5233 -529,
1575 5165 1715 5244 imprimis
1735 5187 1764 5244 p.
1788 5171 1856 5228 525.
1900 5167 1987 5226 Nunc
2008 5167 2049 5225 ihi
2070 5165 2260 5228 estChtirbet

583 5265 677 5325 Ritter
697 5266 782 5327 XVI.
807 5270 862 5326 221
888 5286 929 5345 sq.
953 5265 1038 5322 Num.
1060 5262 1150 5322 XIII.
1174 5265 1222 5321 25.
1443 5261 1610 5324 Chareitirn.
1654 5264 1875 5324 Vandeveldius
1904 5265 2003 5324 scribit
2023 5264 2200 5325 Khirreittim
2229 5267 2260 5326 in

647 5369 717 5439 595)
740 5377 856 5424 torrens
881 5363 965 5440 botre]
996 5361 1182 5421 Robinsonus
1209 5359 1273 5418 Pal.
1294 5361 1317 5418 1.
1342 5365 1399 5420 356
1442 5361 1503 5420 tab.
1529 5382 1629 5440 geogr.
1656 5374 1727 5422 sect.
1750 5363 1820 5424 VII.
1861 5364 1940 5442 Mag.
1964 5364 2153 5422 Thietmarus
2181 5385 2260 5424 anuo

583 5473 652 5524 note
675 5471 687 5525 1
713 5464 751 5524 ab
772 5465 876 5532 Escol,
898 5461 1059 5522 abrahami
1082 5461 1176 5530 socio,
1202 5477 1309 5516 nomen
1332 5456 1401 5515 duc·
1446 5466 1520 5522 1217
1553 5474 1762 5521 commemorat
1780 5465 1987 5524 monasterium
2010 5465 2103 5522 sancti
2123 5463 2259 5523 Kariutb.

582 5577 644 5624 tum
666 5585 730 5624 esse
752 5565 875 5622 coniicit.
1443 5559 1479 5619 V.
1495 5559 1573 5637 Mag.
1590 5561 1753 5620 'I‘hietmari
1774 5561 2041 5641 Peregrinationem
2056 5563 2096 5623 X.
2114 5567 2151 5622 22
2165 5583 2195 5642 p.
2211 5566 2259 5626 29.

646 5669 716 5736 596)
740 5683 801 5720 curo
824 5683 883 5720 uua
904 5663 967 5738 arra]
991 5661 1027 5720 V.
1050 5659 1138 5718 Num.
1160 5653 1251 5714 XIII.
1275 5657 1323 5714 21.
1505 5666 1575 5732 ool)
1599 5660 1746 5736 Cayplrurl
1779 5661 1889 5742 Hepha
1921 5681 1944 5720 a.
1970 5660 2080 5738 Kepha
2109 5660 2259 5733 Talmudi‚

645 5767 716 5836 597)
738 5762 946 5837 Philippus—
962 5759 1129 5834 eunuchum]
1145 5755 1200 5814 Est
1214 5771 1317 5812 recens
1333 5753 1401 5813 'Ain
1443 5754 1613 5834 Συκάμινος
1639 5757 1831 5831 Graecorum,
1860 5781 1937 5820 nunc
1970 5759 2062 5818 Haisa
2090 5781 2113 5820 s.
2136 5760 2258 5820 Khaifa.

583 5861 726 5930 Hani’eh,
757 5861 822 5918 fons
850 5843 940 5918 sancti
962 5859 1099 5938 Philippi.
1143 5857 1179 5919 V.
1204 5849 1399 5918 ’161611Το-
1444 5857 1489 5918 cf.
1511 5879 1569 5918 van
1591 5858 1629 5918 de
1651 5857 1748 5919 Velde
1769 5862 1891 5918 memoir
1912 5881 1941 5938 p.
1965 5862 2033 5918 320.

583 5983 663 6042 pogr.
688 5981 714 6021 r.
738 5959 836 6020 Jerus.
859 5957 897 6017 Il.
924 5963 1093 6017 767-782,
1504 5964 1574 6031 662)
1601 5957 1735 6016 Castrum
1747 5958 1977 6034 perreriam-um]
2000 5955 2159 6020 Castellum
2174 5979 2258 6037 pere-
