5284 7042
1213 745 1252 804 55

396 930 512 996 restm,
541 919 604 984 nisi
626 917 712 1004 quod
732 915 883 984 hostibus
904 919 1132 986 accedentibus
1156 919 1198 984 ad
1221 933 1346 1007 portam
1368 941 1480 997 mam,
1508 917 1706 984 habitatores
1727 921 1853 1008 fugiant
1876 944 1936 1009 por
1957 919 2067 1002 aliam,

396 1033 563 1098 siluerint
583 1035 764 1120 pauciores.
808 1032 866 1098 Est
889 1047 995 1100 autem
1016 1037 1049 1102 in
1071 1033 1155 1102 ualle
1177 1033 1283 1100 media
1306 1036 1377 1107 sita,
1400 1035 1626 1099 intermontes
1646 1033 1830 1115 altissimos,
1855 1039 1901 1102 ita
1923 1052 1958 1102 ut
1979 1037 2067 1104 intus

398 1151 519 1212 iactare
543 1149 646 1236 possit
669 1149 785 1236 aliquis
808 1171 879 1216 eum
903 1147 1013 1238 lapide
1035 1151 1186 1217 manuali.

520 1263 572 1328 De
594 1281 687 1352 portu
711 1265 781 1330 eius
803 1263 947 1346 australi,
969 1279 1123 1354 quantum
1144 1265 1212 1332 iere
1230 1266 1280 1331 bis
1303 1278 1409 1354 potest
1430 1267 1538 1330 iacere
1559 1287 1665 1335 arcus.
1686 1280 1736 1330 est
1750 1273 1826 1342 sous
1842 1271 2011 1350 lacobstl),
2033 1271 2066 1334 in
2085 1271 2118 1324 ts

397 1381 460 1458 uis,
482 1401 544 1468 que
565 1379 653 1446 ducit
675 1379 860 1462 Ierusalem,
881 1379 936 1446 ubi
959 1381 1052 1448 sedes
1073 1382 1223 1462 Domini,
1246 1403 1344 1469 super
1365 1396 1495 1468 puteum
1517 1394 1628 1468 potum
1651 1383 1768 1470 petiuit
1788 1403 1809 1446 a
1830 1382 2046 1450 Samaritana.

520 1497 627 1582 Supra
661 1497 780 1562 fontem
802 1497 900 1562 istum
922 1495 965 1562 ad
987 1497 1135 1564 dextram
1158 1509 1207 1562 est
1228 1519 1320 1562 mons
1342 1495 1508 1575 excelsus,
1541 1495 1664 1562 babens
1686 1496 1749 1562 duo
1772 1499 1898 1585 capita,
1930 1520 2065 1588 quorum
2084 1511 2117 1564 ts

397 1635 493 1678 smum
521 1635 612 1678 mons
643 1613 793 1686 Gerizim,
827 1611 914 1678 uliud
946 1617 1023 1676 Elui
1049 1611 1242 1700 appellatur.
1291 1611 1330 1678 In
1363 1626 1471 1676 monte
1499 1611 1646 1676 Garizim
1675 1611 1825 1679 edificate
1853 1613 1951 1680 altari
1971 1615 2065 1681 losus

399 1729 529 1816 scripsit
551 1727 856 1810 Deuteronomium,
885 1741 915 1792 st
937 1727 1163 1794 benedicentes
1184 1729 1313 1794 stabant
1336 1740 1368 1792 et
1386 1725 1631 1808 malidicentes,
1663 1742 1695 1792 et
1716 1727 1758 1793 dc
1778 1743 1888 1794 monte
1910 1729 1994 1796 Ebal
2017 1753 2065 1796 ro·

396 1841 610 1932 spondebant,
634 1857 666 1908 ut
688 1857 873 1932 preceptum
894 1843 954 1908 suit
968 1843 1212 1911 Deuteronomii
1227 1843 1433 1920 XXVII³⁶⁰,.
1471 1848 1579 1931 Supra
1601 1859 1741 1909 montem
1759 1845 1905 1910 (iaciaim
1927 1845 2066 1912 ostendi·

395 1973 449 2025 tur
476 1957 581 2024 adbuc
604 1959 712 2024 lanum
733 1961 1005 2048 antiquissimum,
1035 1961 1120 2026 louis
1142 1959 1328 2047 Olympiaci
1351 1958 1531 2048 hospitale·
1552 2007 1562 2040 ,
1591 1958 1678 2046 quod
1700 1957 1742 2024 sd
1764 1961 1867 2026 instar
1888 1961 1999 2049 templi
2008 1963 2067 2040 301)

396 2073 657 2140 lerosolimorum
679 2073 887 2142 editicauorat
910 2074 1232 2156 Sansbdlathnsso,
1254 2074 1323 2141 dux
1345 2077 1487 2162 regionis
1509 2074 1754 2154 transflumen,
1777 2098 1897 2162 genero
1920 2099 1977 2142 suo
1997 2077 2066 2143 Ma·

396 2213 509 2268 nasse,
537 2191 591 2275 qui
622 2189 723 2256 uoluit
752 2215 822 2256 esse
845 2215 988 2258 summus
1009 2193 1163 2280 pontifex.
1208 2191 1250 2256 Et
1274 2193 1452 2277 permansit
1473 2191 1558 2256 idem
1581 2189 1736 2278 templum
1757 2191 1803 2257 ibi
1826 2191 1990 2280 usquead
2013 2192 2067 2260 de·

396 2307 603 2372 structionem
625 2307 743 2372 sartam
766 2329 824 2394 por
844 2305 1025 2389 Romanos,
1053 2319 1084 2372 et
1107 2308 1245 2394 uestigia
1267 2309 1337 2372 eius
1359 2321 1391 2371 ot
1412 2308 1504 2372 ruine
1534 2307 1640 2373 adbuc
1662 2307 1821 2372 uidentur.
1864 2307 1959 2374 Hunc
1980 2331 2067 2375 mon·

395 2435 458 2486 tem
487 2437 518 2486 et
551 2421 611 2488 hoc
633 2421 787 2510 templum
815 2421 957 2488 creditur
990 2421 1239 2488 demonstrando
1268 2424 1413 2488 innuisse
1440 2422 1555 2488 mulier
1585 2422 1626 2488 de
1645 2425 1911 2504 numerisve„
1937 2423 2066 2510 quando

394 2536 480 2602 dixit
500 2537 657 2602 Domino:
680 2541 808 2612 „Patres
829 2543 925 2602 nostri
946 2545 976 2602 iu
999 2553 1093 2602 moute
1114 2545 1167 2602 lor
1187 2545 1422 2602 adorauerunt?

516 2652 569 2719 Ad
592 2655 756 2720 sinistram
776 2655 873 2721 fontis
894 2653 987 2722 buius
1011 2665 1058 2718 est
1080 2653 1211 2742 opidum
1235 2653 1400 2742 quoddam
1413 2675 1566 2740 magnum
1582 2651 1688 2734 ualde,
1711 2654 1770 2719 sed
1783 2654 1956 2735 desertum,
1978 2653 2065 2743 quod
2083 2653 2115 2704 ²⁵

393 2769 491 2836 crcda
513 2771 613 2836 fuisse
635 2775 748 2834 Siclcm
772 2773 1009 2854 antiquum³⁶⁴·,
1036 2773 1111 2860 quia
1134 2773 1224 2836 rstinc
1246 2793 1364 2856 magne
1386 2784 1459 2836 sunt
1480 2767 1576 2834 ualde
1597 2793 1638 2835 ex
1661 2769 1797 2857 palaciis
1819 2773 2010 2836 marmoreis
2034 2784 2066 2836 et

395 2883 574 2973 columpnis
603 2885 822 2966 mirabilibus,
858 2885 983 2952 distam
1013 2887 1054 2952 de
1080 2888 1166 2952 fonto
1193 2901 1225 2952 et
1255 2887 1423 2952 mansione
1442 2883 1541 2950 lacob
1569 2898 1725 2973 quantum
1752 2885 1804 2950 bis
1832 2899 1938 2974 potest
1957 2888 2064 2952 iacere

393 3021 499 3080 motas,
521 3013 552 3066 et
575 3001 781 3066 amenissimo
802 3001 873 3066 loco
894 3003 1000 3078 situm,
1022 3005 1084 3068 nisi
1106 3001 1194 3090 quod
1213 3003 1305 3088 aquis
1328 3015 1432 3075 oarst;
1454 3022 1515 3066 nec
1537 3001 1605 3066 uidi
1625 2998 1708 3066 alias
1721 3001 1828 3066 locutu
1843 3016 1910 3066 tam
1924 3001 2063 3068 fertilem

395 3127 425 3180 et
446 3115 628 3182 secundum.
672 3115 783 3182 Distat
803 3131 909 3184 autem
932 3141 952 3182 a
973 3119 1114 3200 ciuitate,
1137 3139 1198 3206 que
1221 3115 1376 3204 Neapolis
1395 3115 1523 3198 dieitur,
1547 3119 1655 3182 iactud
1687 3116 1825 3183 duorum
1847 3139 1990 3184 arcuum.
2019 3117 2063 3184 lit

394 3231 476 3298 banc
498 3231 667 3322 Neapolim
690 3247 766 3320 puto
787 3235 886 3298 luisse
906 3233 1038 3322 opidum
1065 3235 1249 3304 Tletes³⁸³].

461 3415 624 3486 tiphernum
649 3417 865 3482 auls'quissimssm
888 3415 964 3469 louis
987 3415 1133 3486 ols'snpinci
1150 3415 1286 3485 bospitcslr
1303 3417 1344 3470 St.
1370 3415 1442 3482 olym
1456 3415 1543 3486 pyucs‘
1565 3414 1702 3484 hospitale
1719 3414 1746 3468 b.
1780 3413 1908 3470 Fortasse
1928 3415 2064 3470 vocabulo

525 3499 675 3568 olympiaci
697 3499 851 3554 cancellato
877 3497 1051 3554 assiliendum
1071 3507 1127 3554 eat:
1143 3503 1247 3568 sunam
1271 3499 1489 3568 ascripsissimmu
1508 3497 1583 3552 loeis
1603 3497 1759 3568 hospitalii.
1783 3530 1815 3540 ·-
1842 3498 1859 3552 b
1893 3500 2061 3553 annihilari

526 3581 564 3636 St.
584 3613 615 3622 -
641 3599 668 3636 οἱ
687 3583 817 3636 Sunnrria
843 3585 882 3638 st.
899 3583 1070 3636 utimr-itum
1092 3581 1118 3635 h.
1155 3581 1215 3636 l'isl.
1236 3581 1285 3636 Es.
1313 3581 1370 3636 lob.
1389 3581 1437 3636 lt'.
1461 3587 1490 3634 i:
1516 3581 1599 3636 Venit
1623 3581 1722 3636 muilier
1741 3583 1776 3636 cle
1797 3581 1929 3636 Susrsnrs'ss
1954 3581 2065 3640 haurire

529 3681 637 3736 squam.
657 3697 683 3706 —
704 3667 733 3732 d)
751 3667 785 3720 ‹lc
804 3667 877 3722 iactu
896 3668 935 3722 St.

456 3843 513 3898 359
543 3841 617 3910 ‚lons
634 3838 731 3912 Iacob]
755 3851 859 3916 puteus
882 3837 980 3898 lscobi
1005 3859 1080 3898 nunc
1095 3855 1138 3898 est
1155 3839 1207 3898 Bir
1311 3845 1369 3899 :tos
1396 3841 1432 3896 ‹lc
1444 3837 1595 3903 scissuris}
1608 3837 1824 3917 Stspborstiaui
1842 3839 1952 3900 codicis
1966 3853 2064 3902 aucto·

391 3935 608 4012 ss-ssmtnjsh.
651 3935 685 3996 V.
707 3934 858 3994 Robinson
880 3935 941 3996 Psi.
965 3937 1012 3999 lll
1035 3941 1205 3999 sto-oso.
1248 3937 1332 3996 ritate
1346 3935 1465 3996 adducti
1483 3936 1708 3996 vocabulumrle
1724 3953 1794 3998 ants
1816 3959 1842 3998 r.
1858 3939 2000 3998 Scrsrsaric
2014 3959 2063 4000 aa·

454 4041 512 4097 360
550 4034 770 4094 Desstcronornii
789 4035 853 4094 ΧΧ
861 4035 934 4110 t'11]
957 4055 985 4096 r.
1013 4043 1043 4098 ll
1069 4057 1131 4118 sqq.
1248 4036 1353 4096 cidisse
1374 4049 1520 4116 putamus.
1562 4035 1806 4096 ‹threnas-usur
1825 4039 1913 4108 onim,
1933 4039 1988 4096 uisi
2010 4039 2063 4098 lal-

452 4141 519 4204 sot,
548 4135 629 4194 Iouis
657 4133 816 4210 olympiaci
836 4167 876 4177 -
899 4135 941 4192 nd
969 4133 1067 4192 instar
1097 4135 1204 4211 terupls]
1247 4135 1298 4206 lor,
1321 4135 1482 4196 Burcbsrdi
1504 4137 1708 4214 animmque
1731 4135 2063 4200 suntinBv.lob.lV.

393 4230 546 4294 vocabula
562 4233 729 4310 olympiaci,
748 4231 826 4312 quod
842 4253 894 4312 pro
910 4233 1038 4308 alpirspii,
1060 4233 1205 4310 lsospitulc
1249 4241 1280 4294 l:
1304 4233 1393 4295 Venit
1412 4235 1516 4294 mulier
1536 4237 1572 4293 dc
1595 4235 1745 4294 &risoria

391 4331 469 4412 quod
491 4351 543 4412 pro
565 4331 721 4408 lospitulr‘s
743 4331 869 4410 positum
889 4343 948 4400 est,
967 4329 1124 4391 emendare
1146 4349 1205 4390 non
1311 4337 1382 4404 361)
1405 4334 1518 4392 Siciem
1539 4333 1703 4408 antiquam}
1732 4332 1805 4392 Pars
1826 4331 1973 4412 quaedam
1989 4335 2063 4394 anti·

391 4429 588 4492 audebamus.
613 4450 651 4490 ns
674 4429 834 4490 Burchardi
862 4431 953 4510 ipsius
983 4429 1099 4510 culpem
1122 4431 1151 4488 in
1173 4429 1204 4490 li·
1246 4451 1323 4512 quse
1345 4431 1424 4492 urbis
1444 4431 1562 4492 Sicbcm
1582 4429 1769 4512 postmodnm
1791 4452 1827 4490 ex
1849 4433 1968 4509 egregia
1986 4431 2064 4492 Rau·

391 4527 516 4590 brasium
536 4528 750 4590 inclinaremus.
793 4528 854 4588 Sed
882 4549 967 4589 nemo
990 4527 1127 4606 negabit,
1155 4525 1204 4588 ad·
1247 4533 1318 4591 meri
1331 4530 1620 4609 coniecturan'ycbar
1635 4527 1865 4609 nuncupabatur.
1888 4531 1947 4604 Qui
1962 4551 1990 4610 p.
2008 4535 2064 4592 tto

391 4629 525 4688 iectirusn
559 4629 730 4704 olympiaci,
764 4627 843 4708 quod
874 4629 998 4706 pertinet
1034 4625 1073 4686 ad
1103 4623 1204 4686 urbem
1247 4643 1306 4690 not.
1326 4635 1414 4690 lilla.
1448 4627 1618 4688 Burclmrdo
1639 4641 1758 4688 auctore
1780 4629 1877 4688 autur.
1906 4627 1952 4687 (t.
1972 4628 2065 4688 llitter

391 4727 575 4806 ttlympism.
600 4725 626 4785 li.
649 4726 666 4786 l.
686 4725 838 4785 contusum
859 4745 924 4784 essa
944 4747 1009 4786 curn
1031 4725 1205 4802 cognomine
1247 4727 1333 4788 XVI.
1356 4733 1431 4798 ost,
1459 4727 1508 4786 ubi
1537 4731 1607 4786 citat
1636 4728 1819 4787 ltiuerarium
1844 4727 2063 4802 burdigalense,

392 4825 470 4886 lovis
493 4825 623 4906 Olympii
644 4846 663 4883 s
686 4837 783 4884 monte
806 4825 946 4904 Olympio
975 4827 1111 4904 repetito,
1138 4837 1204 4884 eta
1246 4827 1356 4907 inquo
1378 4827 1912 4902 commemoraturnsousdgasareu.
1947 4825 2063 4888 Nomen

392 4925 462 4984 loro
486 4923 629 5004 hospitali,
651 4923 704 4984 Asi
721 4923 816 5006 ξενίῳ.
839 4925 946 4984 lactum
967 4943 1031 4983 osso
1055 4924 1133 4984 loris
1154 4923 1204 4982 bo·
1247 4927 1302 4986 boc
1334 4930 1493 5004 Ayosaren
1521 4925 1632 4986 llittero
1659 4925 1851 5004 astipulantes
1879 4944 1897 4982 e
1927 4926 2062 4984 Gerizim

391 5022 494 5102 spitsle
517 5043 539 5084 s.
562 5023 727 5104 hospitium.
760 5021 843 5080 llaec
858 5025 935 5082 cuitu
950 5035 1065 5082 sastant
1081 5021 1109 5082 ll
1126 5021 1203 5082 ttae·
1246 5025 1439 5106 depravatum
1470 5023 1617 5094 ducimus,
1645 5023 1697 5084 sed
1725 5025 1813 5082 etiam
1842 5043 1943 5082 recessa
1963 5027 2064 5100 Aspar

391 5119 445 5180 cab
480 5119 531 5183 Vl.
553 5126 586 5184 l:
619 5123 758 5180 stoloni
785 5115 814 5180 dl
843 5119 890 5180 sal
920 5115 971 5180 sis
998 5117 1030 5180 is
1054 5113 1204 5198 'lspooalsi
1247 5145 1269 5184 s.
1286 5125 1388 5182 Assar
1407 5123 1498 5184 literis
1518 5144 1539 5202 p
1560 5137 1589 5182 et
1612 5123 1705 5182 nise
1726 5143 1741 5180 s
1762 5124 1940 5202 pennutatis,
1964 5137 1994 5182 ut
2014 5123 2063 5182 tie·

390 5241 455 5294 μοις
485 5215 571 5293 stris,
604 5217 651 5280 soi
687 5213 901 5296 npocosopsisos
930 5215 1002 5292 Διὸς
1027 5213 1204 5298 ’Olopnlou
1248 5235 1290 5284 ret
1309 5226 1456 5300 Asparem
1478 5227 1639 5302 Asparem.
1671 5241 1708 5282 ox
1730 5219 1875 5280 uocabulo
1897 5223 2062 5296 Apasarcm

391 5319 437 5378 sui
461 5315 510 5378 riv
531 5317 563 5380 is
586 5317 715 5396 Γαριξιν,
738 5313 841 5390 καθεὶς
860 5315 1015 5400 Quoue
1036 5318 1067 5380 oi
1087 5315 1138 5380 nio
1160 5317 1204 5382 sd·
1248 5335 1429 5384 conuectum
1461 5341 1526 5382 esse
1556 5319 1677 5381 videtur.
1722 5319 1810 5392 Quod
1839 5332 1938 5380 sutem
1959 5321 2063 5380 attinet

390 5439 447 5478 sos
468 5417 629 5492 οἰκοῦντες,
653 5413 725 5490 Διὸς
747 5417 859 5478 Sirion
901 5419 1097 5480 l'onlunditur
1121 5421 1208 5498 igitur
1248 5421 1285 5482 sd
1308 5441 1415 5480 nomeu
1436 5419 1567 5500 Syrbar,
1594 5417 1725 5478 illudes
1747 5419 1846 5498 primis
1869 5417 1991 5498 syllabis
2012 5439 2062 5478 no·

402 5519 451 5598 qui
473 5519 572 5578 tertius
602 5539 680 5578 error
702 5533 745 5578 est
767 5517 793 5580 b.
816 5517 833 5578 l.
857 5521 1026 5578 commissus
1066 5521 1206 5600 templum
1248 5521 1358 5580 minum
1382 5521 1493 5578 noctem
1522 5531 1552 5578 et
1576 5517 1729 5583 Garisim,
1763 5519 1831 5576 sict
1855 5531 1884 5576 ct
1906 5517 1975 5576 Gar
1996 5538 2063 5574 eun-

391 5617 677 5698 lsierosolpunitsnum
697 5619 774 5678 lusis
796 5615 917 5696 olympii
939 5637 1005 5678 cnm
1026 5639 1070 5685 co.
1091 5621 1141 5700 qni
1162 5631 1207 5678 est
1248 5619 1348 5678 llatutu
1369 5637 1436 5678 csse
1456 5617 1646 5698 suspicamur.

392 5717 419 5774 in
450 5729 547 5776 nsoute
574 5715 720 5780 Gerizim.
756 5717 834 5776 loris
866 5715 1024 5796 bospitslis.
1076 5715 1135 5776 Sed
1167 5719 1203 5780 cl'.
1311 5723 1368 5776 ltili
1407 5718 1522 5792 l'iclcsg
1546 5713 1672 5776 'l'lrebea
1693 5715 1855 5794 antiquum,
1874 5713 2063 5794 quoddicere

390 5835 464 5894 quse
488 5817 608 5890 rssurpini
631 5815 825 5894 ascripsimus.
1246 5815 1361 5876 ridetur
1382 5815 1580 5879 Burcbardus.
1601 5826 1644 5872 est
1668 5811 1787 5877 Tubis.
1815 5821 1830 5875 l
1855 5813 1941 5872 boras
1962 5833 1981 5870 a
2002 5815 2061 5872 Na·

454 5919 510 5976 :tol
548 5915 755 5988 »iunnbcllntil
786 5911 820 5970 V.
849 5911 966 5992 loscpbi
995 5915 1064 5974 Ant.
1093 5911 1148 5974 Xl.
1178 5919 1203 5979 7.
1246 5913 1331 5974 bolus
1352 5913 1473 5979 distans,
1493 5933 1582 5994 quere
1603 5913 1657 5972 boc
1679 5933 1781 5971 mrcns
1801 5911 2060 5970 'l'ubisliurclsas-

392 6019 427 6074 'lz
452 6022 478 6079 b,
501 6017 527 6074 2.
551 6019 577 6072 i.
620 6011 666 6072 Cf.
690 6031 715 6068 s.
739 6011 867 6070 Rsumcr
889 6031 915 6090 p.
944 6015 997 6072 tls
1245 6013 1300 6072 dus
1331 6035 1389 6072 non
1419 6012 1492 6072 adiit
1542 6011 1589 6070 (Ὺ.
1612 6011 1705 6072 llitter
1725 6009 1800 6068 Xl'l
1841 6017 1974 6076 t.tts.
2003 6029 2061 6068 ran
