5284 7042
1429 721 1469 780 38

613 899 682 956 Hm
695 895 761 974 ¹⁹⁸),
782 895 896 954 nemim
918 895 978 956 Iob.
1022 891 1161 958 Glossa:
1179 893 1292 974 1111111,
1313 905 1406 981 pater
1427 895 1600 982 Syrorum,
1622 899 1677 984 qni
1698 895 1843 960 condidit
1864 895 2065 962 Damascum
2086 899 2279 987 1181111111,

613 1011 723 1096 genuit
744 1007 826 1088 Hus,
850 1005 1048 1072 conditorem
1071 1007 1287 1074 Traconitidis
1309 1011 1460 1095 regionis.
1494 1010 1559 1074 Hic
1577 1013 1662 1076 inter
1683 1011 1883 1096 celesyriam
1907 1023 1939 1076 et
1959 1011 2157 1077 Palestinam
2178 1019 2280 1080 tenuit

613 1127 840 1211 principatum.
883 1123 955 1203 Quc
982 1135 1071 1187 terra
1098 1121 1140 1188 ab
1172 1134 1318 1189 aeterra
1339 1124 1411 1189 Has
1432 1137 1482 1190 est
1503 1126 1599 1191 dicta
1641 1125 1751 1191 Unde:
1783 1130 1835 1192 uir
1862 1139 1933 1192 erat
1953 1128 1988 1192 in
2009 1139 2097 1193 terra
2116 1129 2280 1196 Hessius

611 1241 645 1304 in
666 1241 798 1326 regione
819 1237 1011 1304 Husitidis.“

736 1355 831 1418 Hanc
844 1355 900 1431 191)
929 1352 1044 1418 hebuit
1066 1353 1235 1440 Philippus
1262 1354 1441 1434 tetrarcha,
1476 1357 1559 1420 sicut
1587 1367 1620 1420 et
1639 1356 1810 1438 Ytuream,
1840 1379 1903 1442 que
1931 1369 1981 1422 est
2006 1361 2089 1423 citra
2114 1359 2279 1444 regionem

612 1469 761 1536 Iordanis
783 1468 826 1534 ad
846 1467 1044 1534 occidentem
1066 1491 1166 1554 usque
1188 1470 1231 1534 ad
1253 1480 1377 1535 montes
1399 1469 1606 1536 Sidoniorum
1628 1483 1661 1535 et
1681 1471 1855 1556 Tyriorum
1877 1485 1913 1538 et
1932 1474 2189 1556 Accoaeuaium,
2218 1497 2280 1562 que

610 1585 799 1650 Pheniciam
826 1585 868 1649 ab
897 1587 969 1671 ipso
998 1583 1146 1648 diuidunt
1157 1634 1165 1666 ,
1193 1599 1259 1650 tam
1280 1587 1314 1648 in
1334 1588 1398 1650 ista
1419 1587 1521 1650 tercia
1541 1585 1717 1668 diuisione,
1745 1609 1840 1672 quam
1862 1589 1896 1652 in
1917 1587 2104 1674 precedenti
2125 1589 2278 1671 secunda,

612 1711 644 1766 et
663 1701 853 1766 terminatur
874 1701 908 1764 in
928 1699 1056 1766 Libano
1077 1700 1121 1765 ad
1142 1699 1341 1786 aquilonem,
1369 1705 1402 1765 in
1422 1701 1562 1766 Iordane
1583 1701 1626 1766 ad
1649 1705 1820 1782 orientem,
1841 1703 1876 1766 in
1895 1705 1978 1767 mari
2000 1702 2126 1768 Galilee
2149 1704 2194 1770 ad
2214 1729 2277 1770 me

613 1817 743 1898 ridiem,
766 1817 801 1880 in
819 1817 981 1882 montibus
1003 1815 1155 1882 Phenicie
1177 1815 1218 1880 ad
1238 1814 1448 1882 occidentem.

1109 2013 1185 2078 HIC
1207 2013 1373 2080 INCIPIT
1395 2013 1579 2094 QUARTA
1598 2013 1779 2080 DIUISIO.

580 2193 589 2242 1
736 2163 775 2228 V.
816 2163 943 2243 Quarta
965 2163 1081 2228 diuisio
1103 2164 1218 2248 incipit
1240 2161 1281 2226 ab
1304 2163 1417 2227 Accon
1437 2173 1468 2227 et
1488 2163 1635 2250 procedit
1658 2163 1780 2228 directe
1801 2177 1914 2228 contra
1934 2169 2091 2230 orientem
2111 2169 2203 2230 iuxta
2224 2189 2275 2230 cs·

612 2291 713 2346 strum
737 2279 872 2364 Sephet,
900 2277 980 2344 illud
1002 2277 1185 2364 relinquens
1214 2277 1256 2342 ad
1277 2281 1450 2342 sinistram.
1493 2279 1627 2344 Transit
1646 2279 1723 2344 inde
1743 2283 1777 2344 in
1797 2279 1904 2344 littore
1932 2282 2033 2346 maris
2055 2280 2182 2346 Galilec
2202 2293 2276 2346 ante

611 2398 785 2476 ciuitatem,
809 2415 869 2478 que
891 2393 1009 2458 dicitur
1035 2393 1282 2479 Capharnaum,
1304 2407 1378 2458 ante
1398 2393 1519 2474 locum,
1541 2395 1597 2458 ubi
1618 2395 1780 2460 DomInus
1799 2394 1964 2460 Matheum
1986 2399 2116 2462 uocauit
2137 2395 2179 2460 de
2199 2397 2276 2461 tela

611 2514 682 2594 nio,
710 2512 801 2574 cuius
828 2509 942 2574 domus
968 2519 1000 2574 et
1031 2509 1120 2573 locus
1143 2511 1297 2574 sessionis
1307 2525 1331 2584 ⁸)
1358 2509 1454 2576 hodie
1473 2509 1518 2575 ibi
1542 2512 1683 2575 cernitur
1704 2513 1738 2574 in
1758 2523 1861 2575 strata
1880 2512 1980 2595 regia
2023 2511 2104 2576 Inde
2126 2511 2212 2576 ultra
2233 2515 2276 2576 ri-

611 2651 686 2692 uum
706 2627 857 2692 Iordanis
879 2625 922 2690 ad
944 2635 1097 2690 montana
1117 2623 1262 2688 Hermon
1285 2625 1480 2690 conscendit.

736 2742 818 2807 Sunt
840 2751 947 2806 autem
968 2743 1001 2804 iu
1024 2740 1084 2804 hac
1107 2740 1266 2806 diuisi0ne
1288 2742 1437 2805 ciuitates
1455 2741 1525 2805 iste.

576 2891 591 2938 2
734 2857 843 2922 Prima
874 2865 949 2943 post
968 2857 1081 2921 Accou
1103 2855 1145 2920 ad
1167 2857 1307 2942 quinque
1328 2855 1438 2921 leucas
1459 2870 1507 2920 est
1529 2855 1684 2937 emutat),
1714 2856 1800 2940 quod
1827 2856 1947 2920 dicitur
1961 2857 2019 2934 ²⁰⁰)
2041 2861 2192 2938 Sanpecr,
2219 2857 2274 2922 nbi

608 2973 694 3039 idem
715 2983 845 3037 sanctus
869 2971 1010 3036 creditur
1033 2973 1132 3036 t'uisse
1153 2973 1322 3048 natns201).
1357 2971 1402 3036 Et
1422 2983 1473 3036 est
1493 2974 1588 3036 sitam
1611 2975 1695 3036 inter
1715 2983 1878 3053 montana,
1897 2973 1932 3035 in
1947 2971 2031 3036 ualle
2046 2974 2162 3058 pingui
2177 2973 2273 3038 ualde

607 3099 639 3154 ct
666 3087 766 3152 fertili
794 3097 826 3152 et
854 3109 976 3154 amena.
1020 3087 1091 3168 Qus
1119 3088 1276 3151 amenitas
1298 3087 1502 3174 protenditur
1532 3110 1633 3173 usque
1661 3087 1704 3152 ad
1736 3109 1827 3152 mare
1848 3087 1982 3152 Galilee.
2023 3087 2068 3152 Et
2092 3089 2155 3152 {hit
2181 3087 2274 3155 uallis

608 3205 703 3270 sortis
722 3203 807 3268 Aser
817 3203 875 3282 ²⁰²)
903 3225 1005 3290 usque
1033 3204 1126 3268 iuxta
1147 3200 1268 3288 Sephet
1287 3226 1347 3288 per
1367 3201 1480 3268 decem
1504 3204 1572 3268 fere
1598 3203 1716 3268 leucas.
1756 3203 1801 3268 Et
1821 3215 1955 3290 propter
1977 3209 2045 3268 eins
2066 3204 2272 3269 amenitatem

606 3319 649 3384 ad
670 3319 811 3384 litteram
833 3318 898 3383 dici
921 3329 1048 3404 poterat
1070 3317 1149 3382 illud
1172 3317 1309 3382 Genesis
1331 3318 1528 3390 XLIX²⁰³l:
1556 3324 1633 3381 Aser
1656 3324 1779 3400 pinquis
1805 3323 1869 3382 aias
1896 3324 1989 3399 pasis
2010 3331 2037 3381 et
2052 3323 2183 3399 malam
2202 3325 2272 3385 deli·

607 3439 670 3498 cias
691 3439 817 3516 rapidas.
861 3433 957 3514 Quod
979 3437 1088 3520 utique
1110 3433 1310 3498 uerilicatum
1331 3435 1391 3498 fuit
1413 3434 1448 3498 ia
1469 3446 1556 3500 sorte
1575 3435 1679 3522 trihus
1700 3436 1803 3500 11111111.

574 3567 589 3618 ³
730 3550 810 3614 Inde
841 3549 884 3614 ad
911 3559 1047 3635 quatuor
1078 3549 1186 3614 leucas
1218 3561 1332 3614 contra
1360 3561 1504 3614 ausuum
1529 3552 1613 3631 fere,
1648 3550 1704 3616 sed
1731 3549 1923 3616 declinando
1950 3547 2135 3636 aliqualiter
2161 3560 2273 3614 contra

608 3669 761 3732 orientem
784 3675 832 3729 est
854 3663 933 3730 uilla
954 3667 1148 3744 Nauarum)
1171 3665 1211 3728 de
1232 3665 1321 3730 tribu
1341 3665 1516 3752 Neptalim,
1536 3669 1571 3732 in
1592 3665 1676 3732 ualle
1696 3668 1769 3732 sita.
1814 3667 1866 3731 De
1887 3689 1952 3754 qua
1972 3665 2090 3751 legitur
2110 3666 2145 3728 in
2160 3663 2272 3730 Tabia.

674 3847 700 3914 a)
718 3845 794 3899 111111
811 3852 836 3898 at
854 3846 949 3898 11011111
965 3845 1094 3899 raama
1111 3842 1151 3899 St.
1173 3875 1200 3882 -
1220 3843 1249 3910 b)
1267 3846 1297 3898 ia
1314 3845 1406 3900 casale
1424 3845 1464 3901 St
1482 3853 1521 3899 eat
1537 3846 1630 3900 casale
1647 3845 1673 3901 h.

671 4021 739 4088 198)
758 4015 788 4072 ia
811 4024 894 4074 terra
916 4016 992 4091 Has]
1015 4015 1108 4074 Terra
1137 4014 1217 4085 Has,
1240 4015 1353 4074 Husitis
1375 4027 1420 4076 est
1522 4019 1594 4091 201)
1616 4027 1658 4074 est
1680 4017 1754 4076 ailla
1775 4015 1911 4092 Naaaoa]
1934 4015 2050 4076 Tobiae
2071 4018 2095 4077 Ι.
2116 4023 2128 4078 1
2153 4017 2183 4076 in
2201 4017 2273 4076 Vul-

608 4115 652 4174 Ua
670 4113 785 4174 Veteris
803 4113 995 4173 Testamenti.
1019 4113 1064 4174 Cf.
1079 4113 1244 4174 uitauerat
1258 4135 1286 4192 p.
1304 4117 1363 4174 240
1376 4135 1418 4193 sq.
1458 4124 1542 4193 gata,
1564 4135 1622 4194 qua
1642 4135 1721 4175 nunc
1741 4125 1861 4174 utuntur
1881 4115 2024 4184 catholici,
2047 4115 2121 4174 haee
2140 4127 2273 4175 exstant:

672 4219 739 4286 199)
771 4213 802 4270 in
830 4233 890 4289 rep.
922 4212 1082 4272 Husitr'dia.
1123 4213 1223 4287 Hauc]
1253 4211 1418 4272 Traconiti-
1463 4215 1585 4285 Polias,
1608 4235 1645 4272 ex
1666 4215 1743 4272 tribu
1764 4223 1791 4272 et
1814 4214 1932 4273 civitate
1953 4215 2113 4290 Nephmli,
2134 4235 2210 4291 qaae
2229 4225 2272 4273 art

608 4309 652 4370 dis
674 4311 821 4387 regionem
852 4310 881 4370 h.
907 4311 926 4370 l.
956 4331 1021 4370 curn
1049 4309 1238 4370 Gaulanitide
1267 4310 1418 4370 confundit
1460 4313 1718 4388 immaioribus
1742 4312 1898 4372 Galilaeae
1924 4333 2021 4388 supra
2041 4314 2183 4389 Naaroa,
2202 4322 2273 4389 port

605 4408 800 4468 Burehardus.
843 4409 889 4469 Of.
911 4431 939 4468 v.
960 4409 1089 4469 Raumer
1105 4432 1135 4489 p.
1159 4415 1285 4472 6811111
1311 4415 1375 4470 198.
1459 4412 1545 4483 viam,
1567 4431 1641 4488 quae
1660 4412 1741 4469 ducit
1761 4413 1803 4470 ad
1822 4413 2007 4486 occidentes,
2027 4412 2059 4469 iu
2080 4411 2204 4470 sinistro
2220 4413 2272 4472 lla-

666 4512 738 4581 200)
761 4509 859 4566 casale
881 4511 959 4584 quod
977 4509 1088 4567 dicitur
1105 4508 1250 4584 Saayeor]
1271 4508 1419 4567 Distantia
1459 4512 1528 4568 lena
1556 4510 1702 4569 ciuitatem
1728 4511 1843 4586 deplet.
1866 4543 1905 4554 -
1932 4508 1993 4569 Sed
2021 4520 2106 4570 vetus
2125 4511 2229 4570 Italica
2248 4529 2273 4572 1.

603 4609 733 4667 locorum
767 4625 785 4664 a
820 4607 960 4686 scriptore
988 4606 1116 4666 iudicata
1138 4606 1218 4666 ducit
1248 4606 1286 4666 ad
1316 4606 1418 4666 urbem
1460 4607 1591 4684 Vulgata
1617 4609 1738 4687 antiqua
1766 4609 1790 4669 L
1823 4613 1880 4668 709
1909 4628 1947 4667 ex
1972 4607 2102 4668 editione
2128 4607 2273 4668 Sabaterii

603 4704 733 4776 Ramsh,
760 4723 836 4784 quae
858 4725 935 4764 nunc
955 4705 1069 4765 Remea
1091 4717 1152 4782 est,
1175 4707 1230 4764 sita
1248 4706 1278 4764 in
1299 4707 1420 4784 regione
1460 4706 1535 4765 hacc
1555 4705 1659 4765 habet:
1687 4708 1778 4765 Liber
1798 4727 1963 4765 sermonum
1988 4706 2093 4775 Thali,
2112 4707 2176 4786 filii
2197 4707 2272 4766 Teo-

604 4801 855 4881 escthhr‘rghIn,
890 4805 907 4864 i.
937 4823 962 4863 e.
991 4803 1138 4882 Sangeor.
1168 4806 1261 4864 sancti
1290 4802 1421 4882 Georgii,
1461 4806 1593 4873 0111,-
1617 4806 1754 4864 extribus
1776 4805 1964 4881 Neptlalim,
1993 4805 2045 4881 qai
2065 4805 2201 4881 captivas
2221 4807 2273 4863 al·

603 4903 757 4962 tamenetsi
786 4912 904 4961 sanctus
926 4900 1070 4979 Georgius
1097 4923 1174 4962 nunc
1198 4902 1314 4962 arabice
1336 4912 1421 4961 sonat
1461 4905 1567 4962 dactus
1593 4913 1696 4962 ert-
1726 4925 1764 4962 ex
1785 4904 1872 4962 Bilel
1901 4905 2039 4979 ciuitate,
2066 4925 2141 4982 qaae
2168 4911 2211 4962 est
2240 4903 2271 4962 iu

604 4999 769 5065 el·Khudr.
807 4999 844 5060 V.
866 5001 960 5060 Rieu
979 5001 1066 5062 XVI.
1090 5005 1147 5062 772
1168 5013 1197 5060 et
1217 5001 1254 5060 cf.
1272 4999 1421 5061 Wilbran-
1462 5003 1585 5060 dextera
1609 5011 1701 5077 parte
1730 5002 1851 5080 Edisse,
1877 5003 2006 5061 civitatis
2026 5003 2213 5078 Neptlalr‘nr,
2240 5003 2272 5061 in

606 5097 675 5156 duni
697 5099 733 5158 de
755 5098 945 5159 Aldenborch
967 5099 1008 5159 H.
1032 5105 1059 5175 3,
1083 5105 1095 5160 1
1119 5122 1146 5178 p.
1172 5106 1208 5160 25
1233 5111 1262 5160 et
1282 5121 1358 5180 quae
1379 5099 1420 5159 ibi
1462 5101 1664 5175 superioribus
1693 5100 1849 5160 Galilaeae
1880 5111 1986 5160 contra
2013 5105 2171 5173 Naasaort,
2202 5111 2274 5178 post

605 5198 817 5258 annotavimus.
873 5198 970 5258 Docet
1007 5197 1125 5278 quidem
1157 5199 1325 5258 Wilkenius
1355 5199 1419 5271 (Kr.
1460 5200 1554 5268 uiam,
1591 5218 1666 5276 qnae
1693 5200 1773 5257 ducit
1800 5201 1831 5258 ia
1857 5201 2049 5273 accidentem,
2083 5219 2120 5257 ex
2146 5201 2271 5258 sinistra

606 5292 676 5354 VII.
705 5301 776 5370 598)
812 5306 943 5355 sanctum
981 5295 1139 5374 Georgium
1178 5317 1244 5357 esse
1273 5297 1419 5378 Lyddam,
1455 5308 1547 5373 parte
1566 5299 1717 5372 Raplaia.
1760 5295 1890 5370 Quarum
1915 5297 2037 5358 duarum
2061 5300 2273 5378 interpretatio·

605 5392 657 5453 sed
679 5393 785 5452 Ludda
811 5396 886 5455 infra
913 5406 1192 5454 commemoraturs
1213 5396 1391 5458 Burchardo.
1460 5415 1529 5454 num
1559 5408 1652 5455 utram
1676 5409 1814 5475 sequatur
1833 5396 2035 5473 Barchardus,
2063 5399 2209 5476 colligitur
2234 5417 2272 5458 ex

670 5495 741 5564 201)
764 5492 838 5552 idern
859 5503 981 5552 sanctus
1003 5529 1043 5537 —
1065 5497 1163 5570 natas]
1187 5494 1313 5554 8111111111
1328 5495 1418 5556 Geor·
1460 5496 1509 5565 iis,
1540 5514 1615 5573 quac
1647 5493 1717 5552 dicit
1744 5495 1821 5553 infra
1841 5494 1877 5555 V.
1902 5501 1953 5557 171
1985 5495 2144 5573 Vulgatam
2165 5515 2272 5556 novam

604 5591 682 5668 gius,
709 5593 974 5668 crucesIgnatorum
1002 5603 1155 5672 patronus,
1183 5595 1272 5672 vulgo
1293 5594 1419 5674 Lyddae
1461 5595 1596 5672 sequitur.
1643 5591 1703 5650 Sed
1740 5595 1899 5672 quaeritur,
1936 5594 1986 5654 nbi
2015 5595 2102 5654 fuerit
2129 5595 2272 5656 Nasson?

604 5711 626 5750 s.
649 5689 787 5766 Diospoli
817 5701 901 5748 natus
930 5709 995 5750 esse
1020 5693 1117 5753 fertur.
1161 5692 1198 5758 V,
1227 5693 1321 5754 Ritter
1348 5692 1418 5752 XV.
1461 5691 1559 5764 Quam
1581 5690 1704 5750 Carolus
1730 5711 1749 5750 a
1767 5693 1897 5752 Ilaumer
1917 5715 1944 5772 p.
1971 5700 2026 5753 114
2049 5703 2121 5753 nota
2142 5698 2181 5754 30
2202 5713 2271 5753 ean·

603 5793 680 5864 9523
702 5787 788 5851 XVI.
811 5793 868 5847 550
891 5808 935 5866 sq.
1460 5790 1525 5849 dem
1557 5809 1644 5870 quam
1669 5789 1775 5850 Haaor
1800 5793 1890 5850 fuisse
1916 5793 2093 5870 suspicatur,
2125 5791 2272 5852 Willermi

665 5890 737 5959 202)
761 5887 850 5943 uallis
873 5887 962 5944 sortis
984 5889 1068 5964 Aser]
1090 5887 1137 5950 Of.
1161 5889 1212 5948 IV.
1240 5896 1283 5952 19.
1461 5890 1603 5969 Tyrensis
1630 5890 1794 5949 testimonio
1826 5891 1926 5959 nixus,
1955 5891 2005 5968 qni
2033 5891 2173 5950 historias
2195 5889 2270 5950 libra

666 5989 737 6057 203)
763 5983 886 6044 Genesis
908 5987 1018 6043 XLIX
1023 5987 1030 6061 l
1051 6009 1078 6046 v.
1102 5991 1149 6048 20.
1459 5989 1538 6048 XXI
1568 6011 1631 6068 cap.
1658 5989 1802 6049 XXVIII
1830 6007 1895 6065 pag.
1931 5992 2021 6049 10141
2059 5991 2273 6059 Salaladiaas,
