5284 7042
1385 614 1443 677 104

568 794 655 859 loan
675 788 838 855 Besicken
864 796 940 858 1506
959 790 994 854 in
1015 797 1044 857 4.
1081 790 1174 871 Quae
1195 792 1294 856 editio
1314 790 1420 857 Paris.
1443 790 1477 856 in
1498 790 1576 876 Reg.
1599 790 1641 855 D.
1657 798 1746 858 1554.
1781 789 1847 855 Sed
1869 800 1902 855 et
1916 790 2040 877 prodiit
2053 790 2176 877 pluries
2191 814 2251 879 po-

570 907 670 972 stea.“
713 905 887 971 Caeterum
914 916 1024 971 censet
1044 906 1159 988 Qnetif
1175 930 1207 971 v.
1226 906 1359 971 Echard
1380 906 1552 972 Rieoldnm
1573 906 1769 971 Alcoraimm
1788 928 1852 970 non
1873 908 2044 991 integrum,
2073 928 2157 994 quae
2178 916 2252 971 erat

569 1023 752 1088 Posciantii
779 1023 954 1104 sententia,
986 1022 1045 1087 sed
1071 1045 1113 1088 ex
1141 1031 1236 1110 parte
1263 1030 1389 1087 tantum
1415 1022 1532 1087 Latine
1559 1021 1756 1105 reddidisse,
1793 1030 1825 1085 et
1851 1026 1992 1103 epistolas
2025 1029 2067 1085 ad
2096 1030 2250 1087 ecclesiam

570 1145 798 1219 triumphantem
826 1140 858 1198 in
884 1141 1024 1217 suspiriis
1055 1146 1156 1201 amari
1182 1142 1275 1201 animi
1302 1138 1481 1226 scripsisse.
1524 1136 1700 1202 Praeterea
1729 1136 1872 1203 eiusdem
1894 1142 2025 1201 Libellus
2050 1145 2092 1201 ad
2111 1144 2250 1201 nationes

570 1262 730 1319 orientales
751 1261 788 1317 de
807 1258 977 1316 discrimine
998 1261 1077 1317 inter
1097 1260 1235 1331 Iudaeos,
1254 1258 1380 1334 pentilss
1402 1266 1429 1315 et
1451 1259 1694 1331 mahumetanos,
1718 1263 1867 1319 servatus
1889 1254 1980 1341 apud
2001 1254 2157 1319 Sanctam
2178 1255 2249 1320 Ma·

568 1374 653 1437 riam
672 1368 844 1435 Novellam
865 1368 1232 1449 Quetifiov.Eol1ardo
1253 1381 1335 1435 teste
1356 1368 1507 1434 laudatur
1529 1390 1549 1433 a
1571 1368 1767 1433 Pocciantio.
1827 1372 2042 1453 „Christianae
2061 1374 2139 1452 fidei
2180 1395 2248 1433 ron·

564 1495 660 1564 sessio
688 1493 781 1563 facta
806 1489 969 1547 Saracenis
992 1492 1048 1565 pia
1074 1498 1102 1547 et
1130 1490 1269 1564 spiritum
1299 1490 1489 1565 apostolicum
1516 1491 1650 1547 redolens
1673 1507 1715 1549 ex
1736 1485 1821 1571 stylo
1843 1484 1978 1573 aliisque
2000 1486 2182 1551 rationibus
2205 1486 2247 1551 ab

570 1603 693 1669 editore
714 1610 862 1666 censetur
890 1602 994 1666 nostri
1014 1600 1143 1665 Rieoldi
1170 1624 1194 1665 s.
1215 1600 1360 1665 Ricardi.
1403 1600 1495 1665 Haec
1517 1600 1639 1688 prodiit
1661 1602 1694 1665 in
1717 1600 1905 1667 collectione
1927 1624 2028 1689 supra
2049 1601 2183 1667 laudata
2204 1602 2248 1666 ad

571 1718 693 1783 calcem
724 1717 951 1783 confiitationis
979 1716 1062 1802 legis
1090 1715 1327 1782 Saracenorum
1358 1738 1379 1780 a
1406 1740 1437 1803 p.
1463 1723 1520 1785 184
1549 1716 1593 1781 ad
1615 1723 1681 1784 192.
1745 1717 1876 1783 Obiisse
1910 1717 2022 1782 dicunt
2060 1717 2248 1783 Florentiae

570 1832 690 1899 XXXI
717 1831 820 1899 octob.
846 1832 1030 1899 Mccolx.
1079 1832 1134 1897 Sic
1159 1832 1376 1913 Pacciantins,
1408 1832 1546 1897 fortasse
1574 1855 1615 1897 ex
1646 1832 1832 1919 necrologio
1862 1832 2002 1898 Sanctae
2030 1833 2162 1897 Mariae
2182 1833 2246 1899 No-

569 1949 689 2031 vellae3
722 1970 818 2033 quem
842 1970 959 2034 nempe
988 1949 1095 2013 lerunt
1121 1970 1163 2013 ex
1195 1949 1318 2013 oriente
1348 1970 1367 2011 a
1400 1969 1523 2013 summo
1550 1948 1702 2034 pontifice
1730 1971 1786 2013 seu
1813 1948 1991 2015 Benedicta
2015 1950 2065 2015 XI
2090 1973 2148 2015 seu
2176 1950 2245 2016 Ole-

571 2074 676 2131 mente
696 2064 727 2129 V
750 2073 935 2130 revocatum
947 2115 955 2146 ,
983 2065 1039 2151 qni
1065 2063 1225 2150 quaedam
1255 2065 1345 2128 eirea
1370 2062 1467 2127 fidem
1498 2062 1626 2127 illarum
1646 2066 1812 2129 cadonum
1835 2063 1937 2131 dubia
1958 2064 2172 2131 declararet“

694 2180 757 2245 His
781 2182 850 2245 sive
872 2179 1004 2260 Qnetifii
1030 2181 1099 2244 sive
1120 2178 1266 2243 Echardi
1293 2178 1404 2243 verbis
1433 2201 1453 2243 a
1478 2178 1573 2243 nobis
1602 2182 1765 2268 excerptis
1794 2204 1834 2245 ea
1862 2184 1958 2245 etiam
1981 2180 2133 2245 addenda
2156 2180 2245 2247 duci-

570 2321 657 2381 mus,
686 2318 769 2383 qnae
789 2294 945 2359 Rieoldus
969 2296 1041 2382 ipse
1074 2297 1108 2359 in
1139 2295 1241 2381 praef.
1270 2300 1331 2378 §2
1358 2295 1497 2381 profert:
1530 2318 1592 2357 sese
1620 2300 1724 2375 lonqas
1746 2312 1774 2359 et
1800 2301 1964 2359 laboriosas
1981 2302 2245 2378 peregrinacione

571 2418 774 2494 assumpsisse,
795 2435 882 2493 quum
903 2417 1000 2473 adduc
1020 2415 1166 2473 secularis
1187 2414 1327 2487 extiterit,
1351 2423 1384 2471 ut
1403 2416 1569 2473 addisceret
1591 2414 1658 2473 illos
1679 2418 1828 2475 seculares
1849 2416 1992 2475 scienciae
1999 2462 2008 2495 ,
2039 2436 2114 2495 quos
2137 2418 2244 2475 libera·

571 2538 611 2592 les
639 2534 798 2609 appellent.
842 2526 893 2594 cf.
923 2528 1021 2591 etiam
1041 2526 1081 2589 Τ.
1104 2524 1236 2591 Tobleri
1263 2525 1513 2613 topographiam
1543 2526 1704 2591 Hierosol.
1732 2527 1749 2592 Ι
1773 2551 1804 2615 p.
1826 2528 1951 2593 XXVI.
1994 2528 2246 2595 Tiraboschium

570 2646 617 2711 lv
638 2669 669 2733 p.
695 2654 752 2713 105
775 2666 822 2729 sq.
866 2642 997 2707 Gudeni
1019 2641 1166 2729 syllogen
1187 2653 1382 2707 monument.
1404 2664 1434 2729 p.
1457 2644 1528 2709 383.
1570 2642 1685 2707 Valete
1715 2656 1747 2709 et
1767 2643 1933 2731 voluptate
1953 2644 2076 2729 eadem,
2099 2668 2164 2733 qna
2185 2668 2244 2711 nos

572 2762 819 2848 descripsimus,
840 2759 938 2845 legite
960 2757 1113 2823 libellum.
1159 2771 1161 2774 ’

2433 611 2435 692 t

2430 731 2437 862 i
