5284 7042
1416 716 1473 781 186

599 897 723 963 dictum
734 906 855 963 tectum
869 907 919 963 est
932 895 1097 977 nbrssnm,
1109 904 1146 959 ut
1158 894 1244 959 inter
1257 895 1366 981 ipsum
1380 902 1622 961 monumentum
1635 904 1668 959 et
1682 916 1775 961 suum
1790 893 1966 981 sliqnsndo
1981 908 2165 965 contentum
2172 904 2201 975 ⁸)
2210 896 2277 965 nnl-
2290 886 2293 895 Α

552 1025 582 1075 ts
598 1013 669 1080 lum
687 1012 830 1079 medinm
844 1035 917 1078 esse
929 1010 1090 1094 uidentem,
1111 1021 1145 1077 st
1156 1010 1267 1076 celesti
1280 1011 1395 1095 meniu
1407 1008 1619 1077 custodistnr.
1655 1008 1753 1091 Quod
1767 1010 1871 1077 ecism
1886 1015 2053 1079 mustim
2066 1036 2108 1081 ex
2122 1038 2161 1081 so
2176 1017 2278 1081 consi·

600 1129 717 1195 derum
729 1151 913 1216 possumus,
924 1129 1002 1214 quis
1013 1136 1107 1193 nocte
1116 1124 1238 1215 pasche
1250 1148 1340 1189 socer
1353 1130 1430 1207 ipsis
1440 1147 1501 1214 per
1512 1124 1664 1191 celestem
1675 1127 1829 1193 nuncium
1840 1127 1908 1195 illic
1918 1134 2089 1219 spportsri
2100 1136 2278 1201 consueuit.

552 1259 583 1311 ts
723 1244 769 1309 Et
789 1242 968 1327 emendum,
988 1245 1067 1329 quis
1085 1266 1168 1307 mons
1189 1246 1335 1318 caluaria,
1355 1243 1412 1329 qui
1434 1240 1582 1309 modicus
1593 1252 1653 1323 cst,
1671 1254 1708 1307 ut
1723 1241 1854 1331 quidum
1870 1242 2047 1331 sollicitius,
2069 1252 2156 1316 intrs
2173 1252 2279 1337 peris·

600 1372 650 1427 tes
671 1360 807 1427 ecclesie
828 1361 1029 1443 continetur,
1051 1359 1130 1447 quis
1148 1360 1256 1446 ipsum
1277 1368 1521 1425 monumentum
1541 1356 1677 1423 Domini
1700 1368 1771 1423 eret
1791 1359 1826 1425 in
1847 1370 1918 1426 orto
1939 1372 2086 1451 tompore
2107 1369 2279 1455 passionis,

601 1487 693 1543 ortus
722 1486 830 1542 antem
860 1474 991 1543 iacebat
1016 1477 1052 1541 in
1079 1474 1164 1563 pede
1192 1474 1288 1539 huius
1311 1472 1451 1539 colliculi
1473 1474 1544 1541 siue
1564 1472 1680 1539 montis
1702 1474 1860 1559 salustio,
1889 1478 1975 1544 unde
2001 1480 2152 1547 nimirum
2175 1482 2278 1551 dictm

553 1604 584 1655 ts
601 1616 694 1659 mons
722 1603 756 1659 et
781 1601 1024 1659 monumentum
1048 1589 1184 1657 multum
1210 1589 1313 1656 nicini
1339 1598 1423 1655 sunt
1469 1588 1523 1655 De
1554 1588 1673 1677 quibus
1707 1590 1856 1657 omnibus
1882 1592 2113 1678 lensensem)
2144 1604 2192 1665 sit
2218 1602 2279 1667 sic:

604 1715 684 1772 Erat
705 1720 803 1771 uuum
822 1712 855 1771 iss
876 1714 948 1783 loro,
970 1711 1020 1769 uti
1041 1710 1202 1789 erumpimus
1224 1717 1269 1769 est
1288 1710 1383 1781 leus,
1404 1718 1497 1783 ortus,
1513 1716 1542 1769 et
1562 1708 1595 1768 ἐκ
1615 1716 1682 1769 orto
1703 1720 1917 1773 monumentum
1937 1734 2059 1791 mum,
2080 1722 2112 1778 ἐκ
2132 1738 2191 1797 quo
2210 1740 2280 1782 non·

552 1840 586 1892 to
603 1832 673 1888 dum
692 1828 845 1906 quiequam
860 1827 980 1905 positus
991 1831 1112 1903 Μαι.
1153 1825 1203 1885 Its·
1222 1844 1293 1901 erpo
1310 1832 1441 1900 proptor·
1464 1842 1655 1901 parasceuen
1676 1826 1851 1902 lustrorum,
1880 1830 1951 1908 quin
1981 1831 2067 1892 iuoeto
2092 1844 2161 1895 erat
2182 1856 2280 1895 monu-

552 1919 585 2038 ξ)
603 1952 923 2019 montemmaranum
943 1962 1014 2004 eom,
1055 1938 1111 2003 Ex
1130 1937 1203 2003 istie
1224 1937 1396 2002 ueritatem
1419 1935 1639 2024 predictorum
1663 1938 1866 2025 perpendere
1887 1945 2033 2029 potestis.
2074 1946 2173 2013 Hunc
2193 1970 2281 2016 mon·

603 2066 670 2121 tcm
689 2056 794 2121 scium
814 2078 876 2121 nos
895 2054 1023 2141 indigni
1043 2050 1256 2119 ascendentes
1278 2052 1420 2119 uidimus
1442 2052 1588 2117 foramen
1600 2051 1659 2128 ²²⁰)
1678 2053 1712 2117 in
1734 2066 1829 2141 petru
1847 2058 2003 2143 excisum,
2023 2062 2077 2127 cni
2098 2065 2173 2150 ipss
2187 2086 2280 2149 crux,

1170 2171 1276 2245 „orbor
1295 2169 1405 2233 decom
1426 2180 1456 2231 ct
1476 2168 1601 2249 fulgide,

1166 2278 1271 2331 ornets
1290 2270 1368 2348 regis
1389 2264 1570 2351 pnrpurs‘ffi)
1583 2268 1650 2347 ²²¹),

606 2385 682 2453 dum
703 2386 803 2451 ferret
821 2384 923 2469 „secli
946 2384 1122 2472 precium“,
1142 2382 1203 2447 tuit
1222 2382 1336 2448 infixe.

556 2515 588 2568 2³
728 2502 827 2567 luxts
848 2522 944 2587 quem
964 2498 1071 2565 locum
1092 2507 1230 2585 sppnret
1258 2498 1392 2584 sanguis
1415 2498 1563 2581 Domini,
1592 2499 1648 2585 qui
1676 2499 1717 2566 de
1746 2500 1848 2569 lstsre
1875 2505 1979 2593 ipsius
1999 2508 2034 2573 in
2054 2520 2181 2597 petrum
2203 2514 2281 2581 uici-

605 2640 682 2683 nam
709 2616 863 2700 defluxit,
895 2616 973 2703 quis
998 2624 1082 2680 teste
1108 2614 1320 2695 Iohanne²²²)
1352 2637 1427 2677 unus
1461 2618 1583 2677 militum
1615 2622 1722 2679 lanoso
1743 2622 1823 2682 lotus
1842 2624 1905 2684 eius
1925 2626 2062 2705 operuit,
2094 2640 2122 2691 et
2144 2638 2282 2695 continuo

556 2740 589 2793 ts
606 2740 697 2797 enisis
716 2736 841 2815 soopois
861 2744 890 2795 et
909 2754 1000 2815 aquo.
1041 2730 1114 2795 Hes
1134 2742 1229 2818 petre
1255 2752 1408 2815 magnum
1428 2729 1526 2796 hebet
1546 2732 1737 2815 scissuram,
1766 2736 1856 2821 quis,
1886 2748 1921 2803 ut
1945 2738 2030 2805 dixit
2049 2740 2280 2833 Metheus²²⁸J,

601 2860 689 2929 petre
711 2852 802 2913 scisse
823 2859 940 2911 suntet
961 2858 1146 2910 monumento
1167 2857 1286 2927 opertu.

555 2974 588 3027 ts
731 2964 830 3031 Circe
858 2963 944 3029 hunc
973 2960 1080 3027 locum
1107 2965 1229 3025 stabunt
1249 2966 1335 3024 iuxta
1362 2984 1476 3025 crucem
1497 2966 1566 3025 Iesu
1594 2969 1769 3029 muretus
1790 2980 1819 3031 et
1839 2990 1928 3033 soror
1949 2980 2056 3037 matris
2076 2980 2155 3056 sius,
2172 2985 2280 3045 Marsa

555 3085 588 3137 to
608 3085 743 3162 cleophe,
763 3093 792 3145 st
812 3083 918 3143 Morio
937 3078 1202 3161 Mapoatenassq.
1243 3078 1327 3143 Item
1348 3076 1382 3143 in
1403 3076 1517 3143 eodem
1538 3077 1610 3145 loco
1631 3078 1774 3148 uidimus
1796 3094 1921 3171 purtem
1942 3086 2030 3157 illius
2053 3090 2200 3161 columns
2211 3096 2279 3181 ²²⁵),

554 3205 587 3257 ts
607 3200 660 3263 cui
686 3196 840 3284 siligstus
868 3196 931 3260 init
958 3194 1136 3277 Dominus,
1163 3191 1241 3259 dnm
1267 3192 1499 3279 flagellaretur.
1547 3192 1591 3259 Et
1610 3206 1702 3279 notu,
1731 3200 1809 3285 quis
1828 3200 1903 3287 ipss
1921 3204 2060 3275 eouesia
2080 3218 2113 3274 et
2133 3222 2281 3279 sunctum

606 3312 801 3401 sepulcrum,
823 3322 857 3377 et
877 3311 994 3393 omnis,
1016 3332 1079 3396 que
1100 3310 1187 3375 intus
1209 3320 1286 3375 eunt
1305 3318 1467 3392 contente,
1488 3332 1509 3375 u
1530 3320 1669 3399 quatuor
1691 3314 1916 3385 sacerdotibus
1936 3323 2088 3408 surisnis,
2110 3328 2167 3414 qui
2189 3330 2279 3397 exim

554 3439 587 3491 28
605 3452 672 3495 non
691 3428 930 3516 permittuntur,
949 3426 983 3491 in
1003 3424 1092 3491 bons
1112 3423 1285 3491 deuotione
1303 3424 1536 3491 custodiuntur.
1581 3426 1652 3509 Qus
1672 3430 1780 3495 omnis
1800 3432 1865 3519 ipsi
1888 3434 2062 3505 Ssrrucsni
2082 3442 2281 3531 reliquerunt

555 3552 588 3605 ts
604 3544 715 3628 illesum
742 3541 830 3632 qnod
852 3541 967 3631 pocius
988 3563 1031 3606 ex
1051 3541 1175 3606 Diuins
1194 3539 1382 3623 uoluntate,
1409 3562 1507 3629 quum
1535 3563 1577 3607 ex
1604 3542 1750 3629 ipsorum
1778 3547 1898 3616 accidit
1921 3551 2161 3625 beneuolencia.
2204 3562 2280 3649 lpse

605 3683 683 3727 uero
705 3658 843 3725 ecclesis
864 3658 1054 3723 marmoreis
1076 3656 1195 3723 tabuiis
1216 3664 1250 3721 et
1269 3656 1377 3721 eureis
1397 3656 1532 3744 picturis
1555 3656 1651 3724 uelde
1672 3670 1721 3727 est
1743 3674 1867 3741 ornata,
1887 3667 1922 3731 in
1943 3672 2051 3757 cspits
2074 3696 2133 3743 suo
2156 3676 2278 3748 hsbens

606 3776 740 3842 chorum
761 3774 888 3861 lengum
910 3782 943 3838 et
962 3770 1150 3859 pulchrum,
1180 3774 1216 3838 in
1238 3772 1329 3837 cuius
1349 3770 1440 3838 editu
1459 3795 1536 3839 oses
1554 3794 1667 3861 regum
1693 3776 1835 3845 fidelium
1856 3786 2062 3871 requiescunt
2090 3790 2124 3857 in
2144 3816 2281 3863 marmo-

555 3901 589 3953 st
606 3892 672 3956 reis
692 3888 986 3976 sarcophegis²²⁸).
1027 3890 1067 3953 In
1087 3887 1194 3955 medio
1216 3886 1308 3954 chori
1331 3886 1511 3953 ostenditur
1536 3889 1669 3975 quidum
1690 3892 1845 3973 circulus,
1875 3920 1934 3986 per
1960 3924 2056 3987 quem
2078 3907 2191 3975 dicunt
2210 3934 2282 3979 cen-

607 4017 694 4072 trum
719 4004 831 4070 mnndi
859 4004 927 4071 illic
954 4004 1123 4070 uerissime
1144 4026 1215 4069 esse
1235 4003 1451 4091 descriptum,
1479 4006 1567 4091 quod
1593 4016 1701 4075 temen
1732 4012 1908 4078 secundum
1931 4018 2114 4107 astrologos
2123 4033 2147 4103 ε)
2168 4030 2281 4115 pocius

555 4134 638 4190 stet
662 4124 772 4189 uerius
798 4120 859 4187 sub
886 4119 1013 4187 torridu
1040 4126 1141 4203 sons,
1173 4120 1202 4185 si
1228 4118 1418 4185 habitabilis
1439 4131 1546 4204 esset,
1578 4122 1786 4193 inueniretur.
1828 4126 1904 4196 Istis
1930 4132 2078 4201 omnibus
2100 4147 2280 4232 perspectis

605 4239 748 4307 uidimus
769 4240 803 4303 in
824 4239 908 4303 strio
931 4237 972 4301 de
993 4236 1090 4322 longe
1110 4236 1216 4323 ipsius
1238 4236 1345 4300 crucis
1355 4233 1381 4311 d)
1403 4236 1562 4323 capellam
1591 4240 1756 4325 quendem
1776 4254 1940 4331 ornatum,
1975 4272 2073 4336 quum
2096 4254 2194 4324 beatu
2214 4260 2280 4328 He·

604 4356 690 4439 lene,
718 4353 925 4421 Constantini
945 4362 1059 4436 muter,
1083 4352 1119 4417 in
1146 4372 1184 4416 so
1203 4349 1274 4417 loco
1296 4349 1478 4435 edificsnit,
1507 4353 1623 4442 inquo
1645 4355 1741 4441 Indu,
1763 4358 1863 4425 fratre
1886 4362 2059 4451 Stephani,
2082 4386 2283 4445 monstrante

554 4484 589 4535 ³2
608 4474 715 4560 ipssm
744 4490 872 4535 crucem
897 4470 1017 4535 meruit
1044 4466 1267 4545 inuenir0222).
1308 4465 1353 4532 Et
1381 4476 1459 4533 tuno
1486 4465 1529 4534 sb
1550 4470 1632 4557 ipsis
1651 4473 1837 4541 infidelibus
1860 4480 1950 4546 exiro
1974 4486 2131 4573 compulsi
2154 4490 2281 4579 reliqui·

675 4640 703 4710 t)
721 4642 869 4691 contectum
886 4632 910 4688 B
922 4632 973 4688 Eo.
991 4663 1024 4673 -
1040 4630 1070 4705 b)
1086 4632 1146 4687 Eos
1165 4646 1260 4686 versus
1271 4646 1362 4702 neque
1375 4628 1407 4686 B.
1426 4630 1561 4699 distinxit,
1579 4651 1668 4707 nsque
1680 4636 1730 4695 Ed.
1750 4668 1781 4681 -
1799 4642 1826 4714 c)
1840 4644 1996 4715 aaronque
2006 4646 2038 4706 B.
2051 4658 2222 4712 aunonenses
2231 4658 2283 4715 Ed,

740 4749 774 4761 ·-
790 4718 820 4787 d)
839 4716 945 4775 Voosb.
967 4715 1057 4771 esseio
1073 4714 1223 4771 omiserunt
1239 4712 1304 4769 edit
1320 4730 1363 4785 pr.
1381 4718 1410 4769 et
1424 4713 1457 4771 B.

667 4875 739 4947 219)
760 4870 919 4948 Iohannes]
939 4868 1030 4945 XIX,
1051 4874 1100 4931 st.
1121 4872 1169 4931 ts.
1527 4877 1585 4937 222
1620 4876 1778 4958 lonenses]
1800 4880 1891 4957 XIX,
1913 4888 1962 4946 34.

666 4976 739 5049 220)
749 4970 904 5047 foramen]
928 4968 965 5031 V.
988 4968 1103 5029 Toblsr
1123 4966 1210 5047 Golg.
1231 4988 1262 5049 p.
1281 4969 1341 5029 282
1360 4986 1423 5047 sqq.

1588 4878 1599 4949 )

667 5074 739 5144 221)
757 5068 908 5148 purpura]
923 5066 960 5129 V.
974 5068 1110 5129 Dsnislis
1124 5067 1197 5129 thes.
1205 5067 1231 5129 1.
1248 5071 1304 5129 160
1316 5072 1367 5129 str.
1379 5064 1425 5125 V:
1527 5046 1600 5123 ²²3)
1621 5046 1769 5125 Mamm]
1791 5046 1927 5125 XXVII,
1948 5055 1994 5113 52·

771 5182 872 5319 m
882 5179 1165 5335 ww
1527 5216 1586 5275 224
1621 5216 1729 5275 Morio
1749 5218 1942 5296 Mopdnlenu]
1964 5218 2029 5281 Ich.
2047 5220 2138 5297 XIX,
2161 5226 2208 5287 25.

769 5348 859 5404 electe
875 5347 961 5419 digno
977 5347 1073 5419 stipite

770 5438 828 5487 tsm
845 5436 943 5487 ssnots
962 5430 1085 5486 membru
1100 5435 1222 5501 ungere.

769 5531 866 5599 Bouto,
881 5531 961 5587 cuins
976 5530 1099 5587 brachiis
1528 5534 1600 5605 226)
1621 5532 1825 5609 sorcophnps'e]
1854 5532 1901 5593 Ds
1930 5532 1988 5597 hoc
2016 5534 2185 5601 Witbrsndi
2215 5541 2281 5605 loco

766 5618 888 5687 pronun
902 5615 1034 5689 pependit
1047 5614 1142 5682 mai,
1466 5631 1586 5710 exponit
1610 5629 1722 5691 Toblsr
1758 5636 1785 5693 3.
1819 5630 2014 5715 Wundsrung
2047 5656 2076 5717 p.
2106 5640 2176 5701 281.
2233 5638 2281 5703 of.

771 5698 969 5856 mati:
979 5698 1183 5839 mamm
1466 5727 1580 5889 Topqqr
1607 5726 1694 5808 Gotg.
1716 5750 1745 5811 p.
1771 5736 1826 5795 150
1849 5752 1913 5813 sqq.
1948 5742 1979 5795 et
2011 5744 2128 5813 notem,
2165 5757 2283 5801 necnon

1464 5846 1493 5907 Ρ·
1592 5847 1654 5909 ε(12·

603 5889 742 5951 Ceterum
761 5887 840 5949 hunc
860 5908 977 5969 qnoque
999 5906 1115 5949 remum
1135 5904 1192 5945 nos
1216 5886 1301 5965 primi
1323 5884 1424 5945 distin·

602 5991 708 6050 ximus.
1528 5980 1599 6051 227)
1621 5978 1763 6055 iuvenire]
1788 5976 1824 6041 V.
1846 5977 1998 6041 Robinson
2018 5978 2056 6043 N.
2079 5982 2115 6045 F.
2138 5988 2206 6049 342.

1528 5382 1599 5455 225)
1621 5382 1759 5459 columne]
1783 5381 1897 5445 'I'obler
1917 5382 2006 5465 Golg.
2026 5409 2055 5467 p.
2078 5394 2231 5457 stt-tt.
