5284 7042
1402 704 1459 765 170

594 902 700 970 parua
718 881 860 945 maxime
881 881 1109 961 uenerationis,
1130 902 1226 967 qnam
1246 881 1362 945 beatus
1383 879 1501 947 Petrus
1520 892 1553 947 et
1571 880 1693 947 Paulus
1706 882 1762 963 Π),
1789 902 1861 945 cum
1882 878 2090 945 Antioclum
2111 900 2268 965 propera·

593 1006 676 1079 rant,
698 1019 740 1062 ex
761 994 911 1082 angelica
929 996 1147 1062 admonitione
1168 998 1311 1083 propriis
1332 997 1481 1063 manibus
1503 1004 1578 1074 ον)
1597 996 1726 1061 incrrltis
1746 994 1911 1083 lapidibus
1932 1004 2045 1059 mete
2062 993 2169 1059 Mar-ie
2190 1004 2270 1059 tune

594 1114 701 1198 primo
723 1124 987 1199 composuerunt,
1009 1134 1048 1177 ac
1070 1114 1099 1175 si
1120 1111 1281 1177 dicerent:

1013 1230 1144 1301 „Flebile
1165 1232 1340 1310 principium
1359 1232 1462 1291 melior
1483 1232 1601 1293 fortuna
1621 1232 1817 1311 sequetnr‘l’).

562 1346 579 1395 7
718 1344 791 1411 Hcc
812 1356 883 1409 erat
903 1346 1010 1430 prima
1031 1342 1177 1425 eeclesia,
1199 1364 1262 1428 que
1283 1344 1317 1407 in
1338 1342 1488 1421 bonore0)
1509 1342 1638 1409 domine
1658 1354 1769 1409 nostre
1791 1362 1982 1431 semperque
2005 1342 2142 1427 uirginis
2160 1340 2267 1406 ilaris

561 1428 657 1547 sinit
677 1460 828 1527 edificata
847 1470 880 1523 et
901 1457 1061 1523 dedicata
1095 1458 1263 1523 Etesiis
1285 1480 1323 1523 ea
1345 1458 1440 1525 bodie
1462 1459 1556 1525 sedes
1577 1457 1782 1547 episcopalis.
1818 1458 1883 1523 Ubi
1904 1456 2037 1523 domina
2057 1466 2181 1539 nostra,
2202 1456 2265 1521 Dei

594 1575 753 1661 genitrix,
778 1596 906 1661 semper
932 1576 1026 1659 uirgo
1047 1573 1155 1637 Maria
1174 1573 1277 1639 eciam
1303 1574 1385 1661 ipsis
1408 1574 1592 1641 infidelibus
1611 1574 1801 1641 Sarracenis
1832 1572 1932 1639 multa
1954 1582 2079 1661 prestat
2099 1570 2265 1637 beneficia

544 1686 577 1737 ¹⁰
594 1691 666 1757 Hec
687 1692 804 1757 ciuitas
823 1690 923 1755 distat
944 1713 964 1754 a
986 1688 1113 1775 Tripoli
1135 1688 1265 1754 dietam.

563 1801 574 1852 ¹
717 1804 777 1873 XI.
817 1806 903 1869 Hinc
925 1805 1137 1891 procedentes
1156 1806 1365 1871 transiuirnus
1396 1805 1562 1871 castellum
1583 1804 1816 1895 quoddamll),
1847 1806 1937 1871 cirins
1964 1802 2129 1869 dominnm
2153 1802 2263 1869 Solds-

593 1944 656 1988 nns
684 1920 725 1987 de
746 1920 880 2007 Halapb
893 1923 933 1998 ³⁹)
961 1944 1021 2007 pro
1048 1920 1112 1985 fide
1138 1929 1252 1985 nostra
1283 1920 1471 2003 decollauit,
1503 1929 1534 1985 et
1559 1921 1593 1985 in
1615 1920 1716 1987 altum
1738 1920 1930 1985 scandentes
1953 1916 2158 1985 ascendimus
2179 1924 2263 1983 Mor·

591 2039 728 2119 parib),
754 2037 840 2125 quod
866 2048 917 2103 est
936 2050 1078 2102 castium
1099 2036 1242 2123 amplum
1263 2046 1296 2101 ct
1315 2038 1542 2117 fortissimum,
1573 2035 1696 2123 duplici
1718 2060 1811 2101 muro
1834 2036 1992 2101 munitum
1999 2083 2008 2117 ,
2037 2033 2154 2100 multas
2175 2036 2210 2099 in
2232 2056 2265 2100 se

593 2164 700 2219 turres
722 2163 904 2233 ostentans,
932 2174 994 2239 que
1015 2155 1128 2239 pocius
1150 2152 1194 2217 ad
1219 2155 1482 2217 sustentationem
1505 2150 1584 2235 celi,
1606 2174 1703 2239 quam
1724 2152 1767 2219 ad
1789 2152 1955 2218 defensam
1975 2150 2134 2238 proficere
2154 2150 2265 2215 uiden·

560 2278 655 2335 etur.
696 2268 791 2335 Mons
813 2268 908 2349 enim,
929 2270 1045 2355 inquo
1066 2271 1163 2335 situm
1185 2279 1407 2349 estcastrum‚
1429 2266 1603 2334 altissimus
1626 2278 1684 2349 est,
1705 2268 1750 2333 ita
1773 2278 1807 2333 ut
1827 2269 1898 2356 ipse
1919 2280 2074 2355 tanquam
2095 2266 2189 2331 Atlas
2211 2266 2265 2331 bn·

561 2386 693 2451 tmesis
724 2386 790 2449 suis
819 2382 921 2447 celum
946 2394 1111 2451 sustentet.
1156 2383 1221 2465 Qui
1250 2386 1283 2447 in
1310 2383 1394 2470 pede
1422 2382 1597 2449 latissimus
1627 2396 1660 2449 ct
1689 2384 1844 2471 paulatim
1864 2390 1900 2447 in
1923 2382 2023 2447 ultum
2044 2382 2265 2448 conscendens

559 2500 761 2567 ⁴snnusum
780 2498 874 2584 large
895 2501 1073 2586 quingente
1094 2498 1242 2586 plaustra
1255 2501 1296 2576 ql)
1317 2498 1476 2565 comdatis
1488 2502 1528 2577 ³²)
1548 2498 1698 2577 noueml)
1722 2502 1787 2565 suis
1808 2498 1948 2565 dominis
1962 2500 2134 2565 ministrat.
2169 2496 2265 2577 Quod

593 2617 714 2681 inimici
737 2618 804 2679 suis
824 2613 1001 2694 laboribus,
1022 2616 1172 2701 quamuis
1193 2636 1271 2701 sepe
1291 2616 1531 2697 attentauerint,
1552 2616 1712 2702 impedire
1731 2638 1794 2681 non
1816 2625 1959 2703 possunt.

559 2738 575 2787 ⁵
717 2731 789 2797 Hoc
818 2744 960 2795 castrum
988 2745 1038 2795 est
1067 2735 1375 2811 hospitalariorum‘t),
1403 2741 1436 2795 et
1462 2742 1510 2797 est
1541 2735 1719 2797 maselinum
1745 2733 1842 2796 totius
1868 2742 1954 2796 terre
1985 2730 2070 2795 illius
2098 2728 2263 2795 solacium.

558 2848 779 2934 ⁶Opponitur
806 2849 891 2911 enirn
916 2846 1053 2911 tortibus
1080 2860 1113 2910 et
1143 2844 1252 2911 multis
1281 2848 1398 2911 castris
1420 2846 1554 2934 Antiqui
1581 2846 1621 2911 de
1650 2844 1815 2913 Montanis
1841 2858 1874 2913 et
1894 2846 2029 2913 Soldani
2058 2842 2099 2909 de
2120 2843 2261 2931 Halapb,

593 2986 730 3051 quornm
751 2961 958 3048 tyrannidem
979 2974 1012 3026 et
1030 2960 1168 3026 insultus
1189 2962 1224 3025 in
1244 2973 1371 3027 tantum
1393 2963 1577 3039 refrenauit,
1599 2973 1633 3027 ut
1655 2960 1698 3027 ab
1719 2964 1766 3027 eis
1788 2986 1847 3049 pro
1869 2986 1950 3051 pace
1972 2958 2136 3027 seruanda
2157 2960 2261 3045 singu·

559 3078 632 3143 llis
653 3078 747 3142 annis
767 3079 802 3142 in
821 3076 932 3143 ualere
954 3077 1018 3143 duo
1039 3076 1142 3141 millia
1161 3099 1346 3144 marcarum
1366 3079 1514 3164 recipiat.
1548 3078 1594 3143 Et
1614 3082 1689 3164 quia
1710 3089 1851 3159 cauetur,
1873 3078 1960 3167 quod
1981 3076 2261 3163 acciderepotest,

591 3216 633 3258 ne
654 3193 764 3280 aliqua
783 3192 916 3258 traditio
938 3194 1155 3281 superueuiat,
1176 3192 1311 3279 singulis
1333 3194 1481 3259 noctibus
1502 3216 1562 3281 per
1583 3203 1721 3281 quatuor
1743 3194 1870 3275 milites,
1892 3194 2011 3257 fratres
2029 3192 2211 3279 hospitalis,
2231 3208 2263 3259 et

558 3321 652 3394 sper
681 3308 761 3373 alios
791 3308 908 3394 uiginti
931 3320 1003 3374 octo
1029 3308 1143 3394 uigiles
1172 3308 1361 3374 custoditur.
1403 3308 1618 3395 Hospitalarii
1646 3310 1729 3373 enisu
1758 3322 1902 3395 ternpore
1933 3309 2024 3395 pacis
2053 3320 2164 3396 preter
2183 3309 2263 3375 alios

593 3428 682 3490 ciues
705 3426 804 3489 castri
828 3423 916 3489 mille
936 3448 1094 3511 personas
1114 3437 1316 3505 sustentant,
1349 3424 1395 3488 ita
1417 3436 1451 3487 ut
1474 3426 1574 3489 eisin
1597 3426 1682 3489 omni
1704 3424 1873 3489 commodo
1895 3422 2263 3513 ethabcndoprouide·

590 3542 657 3605 rint
678 3540 818 3626 quinque
839 3544 933 3605 annis
953 3542 988 3606 in
1009 3543 1202 3605 necessariis
1222 3542 1319 3605 castri
1331 3542 1380 3617 ⁸³).

543 3620 574 3735 lb
715 3656 755 3720 ln
780 3654 864 3742 pede
891 3654 978 3720 illius
1005 3659 1122 3721 montis
1150 3659 1213 3721 sita
1239 3668 1289 3721 est
1316 3654 1454 3741 quodam
1484 3656 1615 3737 ciuitas,
1648 3658 1770 3719 Uolcnic
1783 3657 1825 3734 81)
1854 3665 2047 3741 nuncupata.
2091 3658 2163 3737 Que
2191 3682 2263 3724 cum

592 3771 783 3859 aliquando,
814 3772 930 3849 sicntf)
951 3787 1106 3859 apparet,
1128 3773 1224 3837 fucrit
1242 3772 1403 3855 maxima,
1426 3748 1485 3859 per
1507 3770 1651 3837 dimnam
1671 3770 1848 3837 uindictam
1868 3770 1965 3837 modo
1987 3780 2037 3835 est
2050 3770 2217 3838 destructa
2233 3784 2264 3839 et

543 3863 574 3979 J}
593 3886 739 3952 desolata
791 3886 891 3952 Cuius
920 3887 1013 3952 sedes
1044 3886 1241 3974 episcopalis
1268 3890 1303 3951 in
1331 3898 1472 3952 castrum
1499 3886 1652 3971 Margath
1680 3896 1728 3951 est
1755 3888 1922 3953 translata.
1965 3886 2010 3952 Et
2031 3890 2108 3975 quia
2129 3900 2264 3977 propter

591 4004 740 4067 timorem
762 4001 1016 4067 sarracenorum
1038 4026 1097 4089 per
1120 4016 1241 4069 terram
1269 4014 1301 4067 et
1321 4005 1357 4067 in
1376 4004 1466 4091 equis
1489 4002 1665 4089 procedere
1686 4024 1749 4067 non
1772 4002 1989 4085 audebamus,
2020 4004 2098 4069 narii
2118 4016 2151 4069 ct
2170 4006 2263 4085 mari,

592 4118 669 4183 licet
690 4119 795 4197 inuiti,
815 4140 873 4183 nos
897 4120 1132 4201 commisimus,
1154 4142 1194 4183 ac
1214 4120 1426 4184 transiuimus
1450 4120 1595 4199 (libavi),
1616 4116 1703 4204 quod
1724 4130 1867 4181 casuum
1888 4116 2021 4201 bonum,
2042 4118 2165 4185 habeus
2188 4122 2263 4185 ciui·

543 4248 574 4299 13
591 4246 689 4299 tatem
712 4256 860 4321 paruam,
883 4232 940 4296 sed
962 4234 1096 4299 multum
1117 4236 1283 4317 munitam,
1308 4238 1428 4300 nostris
1450 4232 1545 4297 ualde
1568 4234 1739 4297 inimicam.
1783 4232 1884 4299 Cuius
1907 4233 2055 4299 dominus
2084 4248 2115 4300 et
2137 4258 2263 4323 posses-

591 4373 646 4415 sor
667 4348 765 4415 filiam
789 4348 923 4413 Soldani
946 4348 986 4413 dc
1008 4350 1141 4437 Halapb
1163 4350 1225 4415 sibi
1249 4350 1343 4415 duxit
1365 4353 1398 4415 in
1419 4371 1569 4432 uxorem,
1591 4360 1623 4412 ut
1647 4372 1687 4413 ex
1712 4348 1775 4413 illis
1799 4348 1926 4414 duobus
1948 4350 2102 4415 extremis
2124 4354 2262 4439 turpitu-

592 4466 678 4529 dinis
705 4477 858 4530 nascatur
878 4467 1030 4548 tercium,
1058 4476 1227 4552 utrumqne
1250 4477 1467 4531 extremorum
1490 4488 1549 4531 sua
1571 4464 1771 4551 turpitudine
1793 4464 1970 4547 excedens,
1999 4476 2031 4529 et
2052 4466 2099 4529 illi
2121 4464 2184 4531 duo
2206 4466 2262 4531 filii

541 4592 574 4643 14
590 4580 768 4646 Mahometi
789 4581 840 4645 uel
857 4581 1075 4658 Mammoness)
1095 4581 1277 4669 producant
1300 4606 1341 4647 ex
1362 4606 1396 4646 se
1419 4590 1541 4668 septem
1564 4582 1697 4667 spiritus
1717 4581 1895 4666 nequiores.
1937 4580 2008 4647 Hcc
2029 4584 2143 4645 ciuitas
2166 4581 2264 4647 distat

591 4720 612 4761 a
631 4696 783 4782 Margath
805 4708 943 4784 quatuor
965 4697 1061 4763 milia.

659 4864 687 4928 a)
705 4869 730 4915 ct
749 4862 802 4915 inc.
821 4860 878 4931 lap.
895 4860 927 4913 B.
949 4878 981 4913 aa
997 4859 1051 4915 ine.
1072 4861 1127 4931 lap.
1145 4860 1196 4915 Ed.
1215 4891 1246 4900 -
1266 4860 1296 4927 b)
1313 4860 1431 4917 Versum
1450 4876 1504 4914 non
1523 4859 1639 4914 secrevit
1656 4876 1745 4931 neque
1764 4860 1805 4921 Β..
1822 4876 1911 4929 neque
1929 4858 1980 4913 Ed.
1994 4890 2023 4901 -
2044 4862 2070 4931 c)
2089 4860 2116 4913 iu
2134 4858 2265 4915 honorem

725 4944 776 4997 Ed.
794 4945 823 4997 in
841 4943 945 4998 bonore
957 4943 989 4996 B.
1001 4974 1035 4983 -—
1051 4944 1081 5011 d)
1094 4944 1226 5015 plaustra
1241 4964 1322 5015 mrum
1334 4946 1396 4998 dati
1411 4960 1505 4997 nouem
1518 4942 1550 4997 B.
1566 4942 1697 5013 plaustra
1709 4944 1830 4997 comdnts'
1839 4960 1933 4997 nocam
1943 4942 1994 4998 Ed.
2008 4973 2040 4981 -
2059 4945 2084 5008 e)
2103 4942 2264 5013 hospitalio-

722 5046 783 5081 rum
795 5027 847 5083 Ed.
859 5058 890 5067 -
904 5026 1031 5096 ffimEd.
1044 5028 1115 5083 sinist
1126 5027 1158 5081 B.
1168 5057 1197 5067 -
1212 5030 1242 5097 g)
1254 5032 1436 5081 Hammonem
1449 5024 1529 5080 Bnd.
1550 5026 1604 5079 Sed
1617 5025 1652 5081 cf.
1668 5024 1766 5081 Mattb.
1777 5031 1801 5096 6,
1813 5030 1859 5097 243
1874 5026 1942 5083 Luc.
1957 5032 1996 5095 16,
2009 5032 2035 5082 9.
2048 5028 2085 5081 ll.
2105 5032 2141 5081 18.
2155 5026 2262 5096 eVulg.

653 5186 703 5256 77)
722 5184 833 5241 Petrus
857 5192 884 5239 ct
904 5181 1029 5256 Paulus]
1057 5180 1103 5240 cf.
1123 5180 1219 5241 Ritter
1237 5181 1332 5241 XVII
1354 5184 1364 5253 (
1387 5187 1407 5257 ).
1510 5184 1561 5253 81)
1583 5182 1744 5258 quinpentc
1757 5180 1911 5257 plaustra]
1934 5182 1963 5239 D
1995 5180 2075 5241 foeni
2097 5180 2194 5243 vehes.

590 5284 658 5344 863.
1510 5280 1560 5352 82)
1580 5279 1731 5354 comdntis]
1752 5276 1964 5353 „cornutum
1979 5288 2023 5339 est
2036 5278 2117 5339 locus
2135 5280 2264 5341 culturae

654 5382 704 5451 78)
717 5382 867 5437 rastellum
885 5376 1039 5455 quoddam]
1056 5378 1205 5437 Fortassis
1217 5377 1406 5453 Maracleam,
1451 5379 1585 5457 patulae,
1617 5398 1733 5439 vernae.
1760 5377 1838 5437 Alm.
1870 5376 2022 5438 Comdatt's
2051 5398 2068 5437 e
2097 5379 2265 5439 coniectura

588 5496 646 5535 rcc.
677 5475 827 5548 Marakia,
856 5476 1013 5552 bleraIrIje.
1056 5474 1093 5535 V.
1114 5476 1209 5536 Rittar
1236 5476 1332 5536 XVII
1353 5479 1405 5549 (1).
1446 5476 1622 5555 scripsimus.

590 5579 649 5636 884
670 5595 732 5655 sqq.
1509 5580 1558 5649 83)
1580 5574 1706 5653 quinque
1727 5608 1767 5619 -
1790 5574 1892 5649 t‘aslrt]
1914 5574 2012 5633 Locus
2033 5572 2181 5636 obscurus.

653 5676 703 5746 79)
735 5672 871 5747 Halapb]
911 5670 1052 5733 Sultanus
1083 5674 1174 5753 Alepi
1209 5686 1271 5733 crat
1303 5671 1405 5732 Malels
1508 5677 1559 5747 81)
1586 5672 1717 5749 Ualeriis]
1732 5672 1861 5733 Uelania
1872 5671 1953 5752 apud
1967 5671 2166 5732 Burcbsrdum
2182 5694 2210 5753 p.
2224 5678 2263 5735 30

587 5771 741 5831 sd-Dnher
761 5791 788 5830 v.
803 5769 926 5829 Willsen
947 5771 1002 5831 VL
1025 5777 1072 5833 71.
1446 5790 1474 5831 n.
1499 5777 1565 5832 111.

651 5875 701 5944 80)
723 5869 877 5945 Marqatl]
896 5889 952 5929 rec.
976 5869 1259 5943 Markribdderlrib.
1290 5870 1327 5933 V.
1343 5869 1405 5927 Rit·
1509 5875 1559 5945 85)
1585 5870 1678 5947 (libell
1707 5890 1764 5930 rec.
1792 5867 1958 5941 Dscbebili,
1987 5866 2175 5943 Dachebleb‚
2203 5880 2264 5933 ant.

587 5977 632 6029 ter
649 5967 743 6027 XVII
767 5972 818 6043 (l).
839 5972 893 6028 881
919 5987 982 6047 sqq.
1446 5966 1570 6029 Gabala.
1612 5968 1648 6029 V.
1669 5968 1762 6029 Ritter
1781 5968 1874 6029 XVII
1897 5970 1949 6040 (l).
1972 5972 2031 6029 892
2054 5990 2118 6051 sqq.
