<?xml version="1.0" encoding="UTF-8"?>
<!DOCTYPE html PUBLIC "-//W3C//DTD XHTML 1.0 Transitional//EN"
    "http://www.w3.org/TR/xhtml1/DTD/xhtml1-transitional.dtd">
<html xmlns="http://www.w3.org/1999/xhtml" xml:lang="en" lang="en">
 <head>
  <title>
</title>
<meta http-equiv="Content-Type" content="text/html;charset=utf-8" />
  <meta name='ocr-system' content='tesseract 3.04.00' />
  <meta name='ocr-capabilities' content='ocr_page ocr_carea ocr_par ocr_line ocrx_word'/>
</head>
<body>
  <div class='ocr_page' id='page_1' title='image "./peregrinatoresm00odorgoog_0190.png"; bbox 0 0 5284 7042; ppageno 0'>
   <div class='ocr_carea' id='block_1_1' title="bbox 1424 708 1480 771">
    <p class='ocr_par' dir='ltr' id='par_1_1' title="bbox 1424 708 1480 771">
     <span class='ocr_line' id='line_1_1' title="bbox 1424 708 1480 771; baseline 0 -1"><span class='ocrx_word' id='word_1_1' title='bbox 1424 708 1480 771; x_wconf 80' lang='lat'><strong>180</strong></span> 
     </span>
    </p>
   </div>
   <div class='ocr_carea' id='block_1_2' title="bbox 557 881 2342 5019">
    <p class='ocr_par' dir='ltr' id='par_1_2' title="bbox 578 881 2284 969">
     <span class='ocr_line' id='line_1_2' title="bbox 578 881 2284 969; baseline 0 -20"><span class='ocrx_word' id='word_1_2' title='bbox 578 883 659 955; x_wconf 74' lang='lat' dir='ltr'><strong>aad</strong></span> <span class='ocrx_word' id='word_1_3' title='bbox 681 888 796 947; x_wconf 80' lang='lat' dir='ltr'><strong>Tlitam</strong></span> <span class='ocrx_word' id='word_1_4' title='bbox 809 884 880 966; x_wconf 77' lang='lat'><strong>¹⁶⁴),</strong></span> <span class='ocrx_word' id='word_1_5' title='bbox 914 883 999 969; x_wconf 92' lang='lat' dir='ltr'><strong>quod</strong></span> <span class='ocrx_word' id='word_1_6' title='bbox 1027 894 1077 949; x_wconf 89' lang='lat' dir='ltr'><strong>est</strong></span> <span class='ocrx_word' id='word_1_7' title='bbox 1106 893 1250 949; x_wconf 71' lang='lat' dir='ltr'><strong>casumn</strong></span> <span class='ocrx_word' id='word_1_8' title='bbox 1277 884 1374 950; x_wconf 90' lang='lat' dir='ltr'><strong>ualde</strong></span> <span class='ocrx_word' id='word_1_9' title='bbox 1404 884 1521 951; x_wconf 89' lang='lat' dir='ltr'><strong>bonum</strong></span> <span class='ocrx_word' id='word_1_10' title='bbox 1547 884 1714 949; x_wconf 89' lang='lat' dir='ltr'><strong>cuiusdam</strong></span> <span class='ocrx_word' id='word_1_11' title='bbox 1748 883 1876 949; x_wconf 87' lang='lat' dir='ltr'><strong>nobilis.</strong></span> <span class='ocrx_word' id='word_1_12' title='bbox 1919 884 2017 949; x_wconf 85' lang='lat' dir='ltr'><strong>quta</strong></span> <span class='ocrx_word' id='word_1_13' title='bbox 2036 881 2116 947; x_wconf 90' lang='lat' dir='ltr'><strong>illud</strong></span> <span class='ocrx_word' id='word_1_14' title='bbox 2137 884 2217 947; x_wconf 87' lang='lat' dir='ltr'><strong>situs</strong></span> <span class='ocrx_word' id='word_1_15' title='bbox 2237 894 2284 949; x_wconf 89' lang='lat' dir='ltr'><strong>est</strong></span> 
     </span>
    </p>

    <p class='ocr_par' dir='ltr' id='par_1_3' title="bbox 578 997 2284 1317">
     <span class='ocr_line' id='line_1_3' title="bbox 578 997 2283 1087; baseline -0.003 -19"><span class='ocrx_word' id='word_1_16' title='bbox 578 1018 594 1068; x_wconf 81' lang='lat' dir='ltr'><strong>t</strong></span> <span class='ocrx_word' id='word_1_17' title='bbox 615 999 748 1087; x_wconf 83' lang='lat' dir='ltr'><strong>quidam</strong></span> <span class='ocrx_word' id='word_1_18' title='bbox 769 1022 861 1065; x_wconf 86' lang='lat' dir='ltr'><strong>mous</strong></span> <span class='ocrx_word' id='word_1_19' title='bbox 881 1000 961 1064; x_wconf 89' lang='lat' dir='ltr'><strong>satis</strong></span> <span class='ocrx_word' id='word_1_20' title='bbox 982 1021 1126 1083; x_wconf 87' lang='lat' dir='ltr'><strong>amenus,</strong></span> <span class='ocrx_word' id='word_1_21' title='bbox 1148 1021 1242 1087; x_wconf 89' lang='lat' dir='ltr'><strong>quem</strong></span> <span class='ocrx_word' id='word_1_22' title='bbox 1263 1013 1383 1063; x_wconf 79' lang='lat' dir='ltr'><strong>mantea</strong></span> <span class='ocrx_word' id='word_1_23' title='bbox 1404 1006 1439 1063; x_wconf 85' lang='lat' dir='ltr'><strong>de</strong></span> <span class='ocrx_word' id='word_1_24' title='bbox 1460 1004 1612 1063; x_wconf 72' lang='lat' dir='ltr'><strong>amaturis</strong></span> <span class='ocrx_word' id='word_1_25' title='bbox 1627 1002 1678 1071; x_wconf 68' lang='grc'><strong>115)</strong></span> <span class='ocrx_word' id='word_1_26' title='bbox 1701 998 1877 1087; x_wconf 88' lang='lat' dir='ltr'><strong>appellant.</strong></span> <span class='ocrx_word' id='word_1_27' title='bbox 1921 997 2013 1063; x_wconf 90' lang='lat' dir='ltr'><strong>Sicut</strong></span> <span class='ocrx_word' id='word_1_28' title='bbox 2033 998 2118 1063; x_wconf 91' lang='lat' dir='ltr'><strong>enim</strong></span> <span class='ocrx_word' id='word_1_29' title='bbox 2139 1020 2181 1064; x_wconf 86' lang='lat' dir='ltr'><strong>ex</strong></span> <span class='ocrx_word' id='word_1_30' title='bbox 2202 1001 2283 1065; x_wconf 89' lang='lat' dir='ltr'><strong>neri-</strong></span> 
     </span>
     <span class='ocr_line' id='line_1_4' title="bbox 616 1112 2284 1203; baseline -0.001 -22"><span class='ocrx_word' id='word_1_31' title='bbox 616 1116 690 1181; x_wconf 90' lang='lat' dir='ltr'><strong>dica</strong></span> <span class='ocrx_word' id='word_1_32' title='bbox 716 1115 873 1181; x_wconf 73' lang='lat' dir='ltr'><strong>relatione</strong></span> <span class='ocrx_word' id='word_1_33' title='bbox 902 1114 1106 1198; x_wconf 89' lang='lat' dir='ltr'><strong>audiuimus,</strong></span> <span class='ocrx_word' id='word_1_34' title='bbox 1144 1116 1325 1202; x_wconf 88' lang='lat' dir='ltr'><strong>quicunque</strong></span> <span class='ocrx_word' id='word_1_35' title='bbox 1354 1138 1412 1179; x_wconf 89' lang='lat' dir='ltr'><strong>sex</strong></span> <span class='ocrx_word' id='word_1_36' title='bbox 1442 1116 1631 1203; x_wconf 87' lang='lat' dir='ltr'><strong>septimanis</strong></span> <span class='ocrx_word' id='word_1_37' title='bbox 1657 1116 1848 1181; x_wconf 88' lang='lat' dir='ltr'><strong>ieiunauerit</strong></span> <span class='ocrx_word' id='word_1_38' title='bbox 1877 1126 1909 1179; x_wconf 90' lang='lat' dir='ltr'><strong>et</strong></span> <span class='ocrx_word' id='word_1_39' title='bbox 1929 1112 2200 1199; x_wconf 85' lang='lat' dir='ltr'><strong>penitencialibus</strong></span> <span class='ocrx_word' id='word_1_40' title='bbox 2222 1114 2284 1181; x_wconf 89' lang='lat' dir='ltr'><strong>illis</strong></span> 
     </span>
     <span class='ocr_line' id='line_1_5' title="bbox 612 1228 2283 1317; baseline 0 -21"><span class='ocrx_word' id='word_1_41' title='bbox 612 1229 727 1296; x_wconf 90' lang='lat' dir='ltr'><strong>diebus</strong></span> <span class='ocrx_word' id='word_1_42' title='bbox 752 1234 897 1317; x_wconf 75' lang='lat' dir='ltr'><strong>peractis</strong></span> <span class='ocrx_word' id='word_1_43' title='bbox 923 1232 1224 1313; x_wconf 89' lang='lat' dir='ltr'><strong>communicauerit,</strong></span> <span class='ocrx_word' id='word_1_44' title='bbox 1253 1242 1286 1295; x_wconf 90' lang='lat' dir='ltr'><strong>et</strong></span> <span class='ocrx_word' id='word_1_45' title='bbox 1309 1232 1357 1295; x_wconf 91' lang='lat' dir='ltr'><strong>sic</strong></span> <span class='ocrx_word' id='word_1_46' title='bbox 1379 1232 1504 1297; x_wconf 90' lang='lat' dir='ltr'><strong>ieiunus</strong></span> <span class='ocrx_word' id='word_1_47' title='bbox 1527 1230 1647 1296; x_wconf 91' lang='lat' dir='ltr'><strong>dictum</strong></span> <span class='ocrx_word' id='word_1_48' title='bbox 1669 1242 1811 1295; x_wconf 88' lang='lat' dir='ltr'><strong>montem</strong></span> <span class='ocrx_word' id='word_1_49' title='bbox 1831 1232 2019 1311; x_wconf 81' lang='lat' dir='ltr'><strong>intrauerit,</strong></span> <span class='ocrx_word' id='word_1_50' title='bbox 2052 1228 2166 1317; x_wconf 86' lang='lat' dir='ltr'><strong>procul</strong></span> <span class='ocrx_word' id='word_1_51' title='bbox 2187 1228 2283 1296; x_wconf 90' lang='lat' dir='ltr'><strong>dnbio</strong></span> 
     </span>
    </p>

    <p class='ocr_par' dir='ltr' id='par_1_4' title="bbox 579 1338 2283 1779">
     <span class='ocr_line' id='line_1_6' title="bbox 579 1338 2283 1453; baseline 0 -42"><span class='ocrx_word' id='word_1_52' title='bbox 579 1338 690 1453; x_wconf 55' lang='lat' dir='ltr'><strong>{boni</strong></span> <span class='ocrx_word' id='word_1_53' title='bbox 712 1357 846 1411; x_wconf 89' lang='lat' dir='ltr'><strong>euentus</strong></span> <span class='ocrx_word' id='word_1_54' title='bbox 868 1356 901 1411; x_wconf 93' lang='lat' dir='ltr'><strong>et</strong></span> <span class='ocrx_word' id='word_1_55' title='bbox 920 1346 1076 1411; x_wconf 79' lang='lat' dir='ltr'><strong>fortunati</strong></span> <span class='ocrx_word' id='word_1_56' title='bbox 1097 1344 1161 1410; x_wconf 92' lang='lat' dir='ltr'><strong>sibi</strong></span> <span class='ocrx_word' id='word_1_57' title='bbox 1181 1354 1364 1411; x_wconf 86' lang='lat' dir='ltr'><strong>occurrunt.</strong></span> <span class='ocrx_word' id='word_1_58' title='bbox 1404 1345 1500 1427; x_wconf 78' lang='lat' dir='ltr'><strong>Quod</strong></span> <span class='ocrx_word' id='word_1_59' title='bbox 1521 1345 1691 1412; x_wconf 88' lang='lat' dir='ltr'><strong>multorum</strong></span> <span class='ocrx_word' id='word_1_60' title='bbox 1716 1360 1915 1435; x_wconf 86' lang='lat' dir='ltr'><strong>compertum</strong></span> <span class='ocrx_word' id='word_1_61' title='bbox 1931 1346 2162 1431; x_wconf 86' lang='lat' dir='ltr'><strong>experimento.</strong></span> <span class='ocrx_word' id='word_1_62' title='bbox 2197 1345 2283 1411; x_wconf 88' lang='lat' dir='ltr'><strong>luter</strong></span> 
     </span>
     <span class='ocr_line' id='line_1_7' title="bbox 612 1460 2282 1549; baseline -0.001 -22"><span class='ocrx_word' id='word_1_63' title='bbox 612 1484 674 1548; x_wconf 90' lang='lat' dir='ltr'><strong>que</strong></span> <span class='ocrx_word' id='word_1_64' title='bbox 694 1461 775 1527; x_wconf 89' lang='lat' dir='ltr'><strong>illud</strong></span> <span class='ocrx_word' id='word_1_65' title='bbox 797 1484 856 1549; x_wconf 89' lang='lat' dir='ltr'><strong>pro</strong></span> <span class='ocrx_word' id='word_1_66' title='bbox 876 1484 994 1547; x_wconf 89' lang='lat' dir='ltr'><strong>magno</strong></span> <span class='ocrx_word' id='word_1_67' title='bbox 1016 1470 1141 1548; x_wconf 90' lang='lat' dir='ltr'><strong>reputo,</strong></span> <span class='ocrx_word' id='word_1_68' title='bbox 1162 1460 1249 1549; x_wconf 92' lang='lat' dir='ltr'><strong>quod</strong></span> <span class='ocrx_word' id='word_1_69' title='bbox 1270 1461 1403 1546; x_wconf 90' lang='lat' dir='ltr'><strong>quidam</strong></span> <span class='ocrx_word' id='word_1_70' title='bbox 1425 1462 1526 1547; x_wconf 91' lang='lat' dir='ltr'><strong>miles,</strong></span> <span class='ocrx_word' id='word_1_71' title='bbox 1548 1484 1643 1549; x_wconf 89' lang='lat' dir='ltr'><strong>quem</strong></span> <span class='ocrx_word' id='word_1_72' title='bbox 1665 1472 1697 1527; x_wconf 89' lang='lat' dir='ltr'><strong>ct</strong></span> <span class='ocrx_word' id='word_1_73' title='bbox 1716 1484 1774 1527; x_wconf 89' lang='lat' dir='ltr'><strong>nos</strong></span> <span class='ocrx_word' id='word_1_74' title='bbox 1796 1460 1936 1526; x_wconf 90' lang='lat' dir='ltr'><strong>uidimus</strong></span> <span class='ocrx_word' id='word_1_75' title='bbox 1957 1460 1990 1524; x_wconf 88' lang='lat' dir='ltr'><strong>iu</strong></span> <span class='ocrx_word' id='word_1_76' title='bbox 2012 1460 2196 1543; x_wconf 75' lang='lat' dir='ltr'><strong>Antiochia,</strong></span> <span class='ocrx_word' id='word_1_77' title='bbox 2217 1460 2282 1525; x_wconf 90' lang='lat' dir='ltr'><strong>illic</strong></span> 
     </span>
     <span class='ocr_line' id='line_1_8' title="bbox 612 1574 2282 1664; baseline -0.001 -22"><span class='ocrx_word' id='word_1_78' title='bbox 612 1576 798 1643; x_wconf 86' lang='lat' dir='ltr'><strong>huiusmodi</strong></span> <span class='ocrx_word' id='word_1_79' title='bbox 820 1598 899 1641; x_wconf 88' lang='lat' dir='ltr'><strong>casu</strong></span> <span class='ocrx_word' id='word_1_80' title='bbox 919 1578 1043 1643; x_wconf 90' lang='lat' dir='ltr'><strong>inuenit</strong></span> <span class='ocrx_word' id='word_1_81' title='bbox 1062 1576 1225 1664; x_wconf 75' lang='lat' dir='ltr'><strong>quoddam</strong></span> <span class='ocrx_word' id='word_1_82' title='bbox 1245 1578 1498 1662; x_wconf 77' lang='lat' dir='ltr'><strong>manutergium,</strong></span> <span class='ocrx_word' id='word_1_83' title='bbox 1519 1576 1607 1662; x_wconf 91' lang='lat' dir='ltr'><strong>quod</strong></span> <span class='ocrx_word' id='word_1_84' title='bbox 1629 1598 1686 1642; x_wconf 89' lang='lat' dir='ltr'><strong>sue</strong></span> <span class='ocrx_word' id='word_1_85' title='bbox 1706 1576 1830 1643; x_wconf 78' lang='lat' dir='ltr'><strong>familie</strong></span> <span class='ocrx_word' id='word_1_86' title='bbox 1852 1588 1883 1641; x_wconf 88' lang='lat' dir='ltr'><strong>et</strong></span> <span class='ocrx_word' id='word_1_87' title='bbox 1902 1574 2106 1663; x_wconf 88' lang='lat' dir='ltr'><strong>hospitibus,</strong></span> <span class='ocrx_word' id='word_1_88' title='bbox 2127 1588 2282 1664; x_wconf 85' lang='lat' dir='ltr'><strong>quotquot</strong></span> 
     </span>
     <span class='ocr_line' id='line_1_9' title="bbox 612 1690 2281 1779; baseline -0.001 -22"><span class='ocrx_word' id='word_1_89' title='bbox 612 1714 733 1758; x_wconf 91' lang='lat' dir='ltr'><strong>uocare</strong></span> <span class='ocrx_word' id='word_1_90' title='bbox 759 1694 942 1775; x_wconf 90' lang='lat' dir='ltr'><strong>consueuit,</strong></span> <span class='ocrx_word' id='word_1_91' title='bbox 971 1694 1080 1759; x_wconf 90' lang='lat' dir='ltr'><strong>omnia</strong></span> <span class='ocrx_word' id='word_1_92' title='bbox 1108 1694 1294 1758; x_wconf 87' lang='lat' dir='ltr'><strong>necessaria</strong></span> <span class='ocrx_word' id='word_1_93' title='bbox 1312 1694 1346 1757; x_wconf 91' lang='lat' dir='ltr'><strong>in</strong></span> <span class='ocrx_word' id='word_1_94' title='bbox 1368 1690 1564 1757; x_wconf 87' lang='lat' dir='ltr'><strong>uictualibus</strong></span> <span class='ocrx_word' id='word_1_95' title='bbox 1586 1694 1795 1775; x_wconf 81' lang='lat' dir='ltr'><strong>ministrauit,</strong></span> <span class='ocrx_word' id='word_1_96' title='bbox 1825 1695 1870 1757; x_wconf 88' lang='lat' dir='ltr'><strong>ita</strong></span> <span class='ocrx_word' id='word_1_97' title='bbox 1891 1703 1928 1757; x_wconf 88' lang='lat' dir='ltr'><strong>ut</strong></span> <span class='ocrx_word' id='word_1_98' title='bbox 1947 1692 1980 1756; x_wconf 90' lang='lat' dir='ltr'><strong>iu</strong></span> <span class='ocrx_word' id='word_1_99' title='bbox 1997 1712 2109 1757; x_wconf 86' lang='lat' dir='ltr'><strong>mensa</strong></span> <span class='ocrx_word' id='word_1_100' title='bbox 2131 1702 2163 1756; x_wconf 92' lang='lat' dir='ltr'><strong>et</strong></span> <span class='ocrx_word' id='word_1_101' title='bbox 2185 1713 2281 1779; x_wconf 86' lang='lat' dir='ltr'><strong>super</strong></span> 
     </span>
    </p>

    <p class='ocr_par' dir='ltr' id='par_1_5' title="bbox 579 1806 2281 2009">
     <span class='ocr_line' id='line_1_10' title="bbox 579 1806 2281 1895; baseline -0.002 -22"><span class='ocrx_word' id='word_1_102' title='bbox 579 1810 716 1885; x_wconf 67' lang='grc'>61113111)</span> <span class='ocrx_word' id='word_1_103' title='bbox 737 1817 854 1895; x_wconf 86' lang='lat' dir='ltr'><strong>parata</strong></span> <span class='ocrx_word' id='word_1_104' title='bbox 874 1808 1136 1886; x_wconf 59' lang='lat' dir='ltr'><strong>inuenirenturt).</strong></span> <span class='ocrx_word' id='word_1_105' title='bbox 1178 1807 1321 1873; x_wconf 88' lang='lat' dir='ltr'><strong>Utimam</strong></span> <span class='ocrx_word' id='word_1_106' title='bbox 1354 1810 1456 1874; x_wconf 88' lang='lat' dir='ltr'><strong>eciam</strong></span> <span class='ocrx_word' id='word_1_107' title='bbox 1485 1807 1668 1873; x_wconf 89' lang='lat' dir='ltr'><strong>huiusmodi</strong></span> <span class='ocrx_word' id='word_1_108' title='bbox 1699 1810 1845 1873; x_wconf 80' lang='lat' dir='ltr'><strong>minister</strong></span> <span class='ocrx_word' id='word_1_109' title='bbox 1875 1806 1970 1873; x_wconf 89' lang='lat' dir='ltr'><strong>bodie</strong></span> <span class='ocrx_word' id='word_1_110' title='bbox 1992 1809 2058 1871; x_wconf 89' lang='lat' dir='ltr'><strong>uite</strong></span> <span class='ocrx_word' id='word_1_111' title='bbox 2081 1818 2281 1871; x_wconf 81' lang='lat' dir='ltr'><strong>succurreret</strong></span> 
     </span>
     <span class='ocr_line' id='line_1_11' title="bbox 611 1922 811 2009; baseline -0.01 -20"><span class='ocrx_word' id='word_1_112' title='bbox 611 1922 811 2009; x_wconf 86' lang='lat' dir='ltr'><strong>indigenciel</strong></span> 
     </span>
    </p>

    <p class='ocr_par' dir='ltr' id='par_1_6' title="bbox 580 2038 2282 2359">
     <span class='ocr_line' id='line_1_12' title="bbox 580 2038 2282 2124; baseline -0.001 -22"><span class='ocrx_word' id='word_1_113' title='bbox 580 2039 590 2088; x_wconf 91' lang='lat'><strong>¹</strong></span> <span class='ocrx_word' id='word_1_114' title='bbox 735 2038 860 2103; x_wconf 91' lang='lat' dir='ltr'><strong>XXVI.</strong></span> <span class='ocrx_word' id='word_1_115' title='bbox 905 2038 1021 2104; x_wconf 91' lang='lat' dir='ltr'><strong>Hieme</strong></span> <span class='ocrx_word' id='word_1_116' title='bbox 1049 2040 1149 2124; x_wconf 88' lang='lat' dir='ltr'><strong>igitur</strong></span> <span class='ocrx_word' id='word_1_117' title='bbox 1178 2040 1242 2103; x_wconf 90' lang='lat' dir='ltr'><strong>iam</strong></span> <span class='ocrx_word' id='word_1_118' title='bbox 1273 2040 1443 2105; x_wconf 85' lang='lat' dir='ltr'><strong>recedente</strong></span> <span class='ocrx_word' id='word_1_119' title='bbox 1471 2040 1548 2105; x_wconf 80' lang='lat' dir='ltr'><strong>(lum</strong></span> <span class='ocrx_word' id='word_1_120' title='bbox 1581 2038 1623 2105; x_wconf 93' lang='lat' dir='ltr'><strong>ad</strong></span> <span class='ocrx_word' id='word_1_121' title='bbox 1651 2040 1771 2105; x_wconf 69' lang='lat' dir='ltr'><strong>exitium</strong></span> <span class='ocrx_word' id='word_1_122' title='bbox 1799 2052 1885 2104; x_wconf 88' lang='lat' dir='ltr'><strong>terre</strong></span> <span class='ocrx_word' id='word_1_123' title='bbox 1912 2040 2005 2104; x_wconf 87' lang='lat' dir='ltr'><strong>istius</strong></span> <span class='ocrx_word' id='word_1_124' title='bbox 2033 2038 2282 2119; x_wconf 85' lang='lat' dir='ltr'><strong>intenderemus,</strong></span> 
     </span>
     <span class='ocr_line' id='line_1_13' title="bbox 612 2154 2282 2243; baseline -0.002 -24"><span class='ocrx_word' id='word_1_125' title='bbox 612 2176 670 2239; x_wconf 90' lang='lat' dir='ltr'><strong>per</strong></span> <span class='ocrx_word' id='word_1_126' title='bbox 693 2154 839 2236; x_wconf 82' lang='lat' dir='ltr'><strong>Turrim,</strong></span> <span class='ocrx_word' id='word_1_127' title='bbox 867 2177 964 2241; x_wconf 88' lang='lat' dir='ltr'><strong>quam</strong></span> <span class='ocrx_word' id='word_1_128' title='bbox 984 2177 1084 2241; x_wconf 88' lang='lat' dir='ltr'><strong>supra</strong></span> <span class='ocrx_word' id='word_1_129' title='bbox 1106 2154 1281 2243; x_wconf 87' lang='lat' dir='ltr'><strong>descripsi,</strong></span> <span class='ocrx_word' id='word_1_130' title='bbox 1311 2176 1425 2219; x_wconf 88' lang='lat' dir='ltr'><strong>uersus</strong></span> <span class='ocrx_word' id='word_1_131' title='bbox 1447 2154 1646 2221; x_wconf 90' lang='lat' dir='ltr'><strong>occidentem</strong></span> <span class='ocrx_word' id='word_1_132' title='bbox 1667 2154 1909 2237; x_wconf 88' lang='lat' dir='ltr'><strong>descendimus,</strong></span> <span class='ocrx_word' id='word_1_133' title='bbox 1939 2168 1970 2221; x_wconf 90' lang='lat' dir='ltr'><strong>et</strong></span> <span class='ocrx_word' id='word_1_134' title='bbox 1991 2155 2171 2219; x_wconf 88' lang='lat' dir='ltr'><strong>inuenimus</strong></span> <span class='ocrx_word' id='word_1_135' title='bbox 2194 2155 2282 2217; x_wconf 86' lang='lat' dir='ltr'><strong>circa</strong></span> 
     </span>
     <span class='ocr_line' id='line_1_14' title="bbox 610 2268 2279 2359; baseline -0.001 -24"><span class='ocrx_word' id='word_1_136' title='bbox 610 2268 684 2335; x_wconf 89' lang='lat' dir='ltr'><strong>illas</strong></span> <span class='ocrx_word' id='word_1_137' title='bbox 706 2280 816 2356; x_wconf 89' lang='lat' dir='ltr'><strong>partes</strong></span> <span class='ocrx_word' id='word_1_138' title='bbox 836 2270 1049 2336; x_wconf 88' lang='lat' dir='ltr'><strong>Hermeniam</strong></span> <span class='ocrx_word' id='word_1_139' title='bbox 1069 2272 1103 2335; x_wconf 90' lang='lat' dir='ltr'><strong>in</strong></span> <span class='ocrx_word' id='word_1_140' title='bbox 1124 2269 1230 2353; x_wconf 91' lang='lat' dir='ltr'><strong>siluis,</strong></span> <span class='ocrx_word' id='word_1_141' title='bbox 1252 2273 1286 2335; x_wconf 91' lang='lat' dir='ltr'><strong>in</strong></span> <span class='ocrx_word' id='word_1_142' title='bbox 1306 2270 1489 2335; x_wconf 83' lang='lat' dir='ltr'><strong>recentibus</strong></span> <span class='ocrx_word' id='word_1_143' title='bbox 1511 2272 1604 2359; x_wconf 90' lang='lat' dir='ltr'><strong>aquis</strong></span> <span class='ocrx_word' id='word_1_144' title='bbox 1623 2281 1657 2335; x_wconf 91' lang='lat' dir='ltr'><strong>at</strong></span> <span class='ocrx_word' id='word_1_145' title='bbox 1678 2269 1763 2337; x_wconf 91' lang='lat' dir='ltr'><strong>bono</strong></span> <span class='ocrx_word' id='word_1_146' title='bbox 1784 2279 1859 2335; x_wconf 67' lang='lat' dir='ltr'><strong>aare</strong></span> <span class='ocrx_word' id='word_1_147' title='bbox 1880 2284 1990 2335; x_wconf 88' lang='lat' dir='ltr'><strong>nostre</strong></span> <span class='ocrx_word' id='word_1_148' title='bbox 2011 2270 2169 2335; x_wconf 84' lang='lat' dir='ltr'><strong>Teutonie</strong></span> <span class='ocrx_word' id='word_1_149' title='bbox 2193 2272 2279 2334; x_wconf 83' lang='lat' dir='ltr'><strong>sinri-</strong></span> 
     </span>
    </p>

    <p class='ocr_par' dir='ltr' id='par_1_7' title="bbox 579 2384 2279 2473">
     <span class='ocr_line' id='line_1_15' title="bbox 579 2384 2279 2473; baseline 0.001 -23"><span class='ocrx_word' id='word_1_150' title='bbox 579 2384 731 2450; x_wconf 72' lang='lat' dir='ltr'><strong>alimum.</strong></span> <span class='ocrx_word' id='word_1_151' title='bbox 776 2385 882 2466; x_wconf 77' lang='lat' dir='ltr'><strong>Quam</strong></span> <span class='ocrx_word' id='word_1_152' title='bbox 904 2385 1008 2451; x_wconf 86' lang='lat' dir='ltr'><strong>tribus</strong></span> <span class='ocrx_word' id='word_1_153' title='bbox 1030 2386 1146 2451; x_wconf 91' lang='lat' dir='ltr'><strong>diebus</strong></span> <span class='ocrx_word' id='word_1_154' title='bbox 1167 2398 1380 2473; x_wconf 76' lang='lat' dir='ltr'><strong>peragrantes</strong></span> <span class='ocrx_word' id='word_1_155' title='bbox 1402 2388 1548 2451; x_wconf 88' lang='lat' dir='ltr'><strong>uenimus</strong></span> <span class='ocrx_word' id='word_1_156' title='bbox 1573 2389 1650 2449; x_wconf 82' lang='lat' dir='ltr'><strong>Care</strong></span> <span class='ocrx_word' id='word_1_157' title='bbox 1667 2388 1735 2469; x_wconf 73' lang='lat'><strong>¹⁶⁷),</strong></span> <span class='ocrx_word' id='word_1_158' title='bbox 1758 2408 1820 2471; x_wconf 91' lang='lat' dir='ltr'><strong>que</strong></span> <span class='ocrx_word' id='word_1_159' title='bbox 1841 2394 1890 2451; x_wconf 87' lang='lat' dir='ltr'><strong>est</strong></span> <span class='ocrx_word' id='word_1_160' title='bbox 1911 2386 2026 2451; x_wconf 87' lang='lat' dir='ltr'><strong>ciuitas</strong></span> <span class='ocrx_word' id='word_1_161' title='bbox 2049 2388 2082 2449; x_wconf 90' lang='lat' dir='ltr'><strong>in</strong></span> <span class='ocrx_word' id='word_1_162' title='bbox 2104 2386 2185 2451; x_wconf 88' lang='lat' dir='ltr'><strong>mari</strong></span> <span class='ocrx_word' id='word_1_163' title='bbox 2207 2388 2279 2467; x_wconf 89' lang='lat' dir='ltr'><strong>sita,</strong></span> 
     </span>
    </p>

    <p class='ocr_par' dir='ltr' id='par_1_8' title="bbox 578 2499 2280 2704">
     <span class='ocr_line' id='line_1_16' title="bbox 578 2499 2280 2589; baseline 0 -24"><span class='ocrx_word' id='word_1_164' title='bbox 578 2515 594 2565; x_wconf 82' lang='grc'>3</span> <span class='ocrx_word' id='word_1_165' title='bbox 612 2500 733 2565; x_wconf 91' lang='lat' dir='ltr'><strong>bonum</strong></span> <span class='ocrx_word' id='word_1_166' title='bbox 753 2500 877 2565; x_wconf 88' lang='lat' dir='ltr'><strong>habens</strong></span> <span class='ocrx_word' id='word_1_167' title='bbox 898 2512 1035 2587; x_wconf 88' lang='lat' dir='ltr'><strong>portum.</strong></span> <span class='ocrx_word' id='word_1_168' title='bbox 1077 2503 1115 2567; x_wconf 93' lang='lat' dir='ltr'><strong>ln</strong></span> <span class='ocrx_word' id='word_1_169' title='bbox 1137 2524 1201 2587; x_wconf 92' lang='lat' dir='ltr'><strong>qua</strong></span> <span class='ocrx_word' id='word_1_170' title='bbox 1220 2501 1317 2567; x_wconf 90' lang='lat' dir='ltr'><strong>hodie</strong></span> <span class='ocrx_word' id='word_1_171' title='bbox 1340 2499 1518 2583; x_wconf 90' lang='lat' dir='ltr'><strong>mirabiles,</strong></span> <span class='ocrx_word' id='word_1_172' title='bbox 1547 2502 1693 2589; x_wconf 87' lang='lat' dir='ltr'><strong>quamuis</strong></span> <span class='ocrx_word' id='word_1_173' title='bbox 1715 2500 1835 2583; x_wconf 83' lang='lat' dir='ltr'><strong>diruta,</strong></span> <span class='ocrx_word' id='word_1_174' title='bbox 1857 2510 2018 2589; x_wconf 78' lang='lat' dir='ltr'><strong>apparent</strong></span> <span class='ocrx_word' id='word_1_175' title='bbox 2037 2512 2213 2586; x_wconf 88' lang='lat' dir='ltr'><strong>structure,</strong></span> <span class='ocrx_word' id='word_1_176' title='bbox 2233 2504 2280 2567; x_wconf 89' lang='lat' dir='ltr'><strong>ita</strong></span> 
     </span>
     <span class='ocr_line' id='line_1_17' title="bbox 612 2617 1716 2704; baseline 0.002 -25"><span class='ocrx_word' id='word_1_177' title='bbox 612 2626 649 2679; x_wconf 89' lang='lat' dir='ltr'><strong>ut</strong></span> <span class='ocrx_word' id='word_1_178' title='bbox 666 2617 817 2681; x_wconf 88' lang='lat' dir='ltr'><strong>nimirum</strong></span> <span class='ocrx_word' id='word_1_179' title='bbox 839 2638 895 2681; x_wconf 89' lang='lat' dir='ltr'><strong>eas</strong></span> <span class='ocrx_word' id='word_1_180' title='bbox 916 2618 1060 2681; x_wconf 89' lang='lat' dir='ltr'><strong>romanis</strong></span> <span class='ocrx_word' id='word_1_181' title='bbox 1082 2618 1251 2682; x_wconf 87' lang='lat' dir='ltr'><strong>structuris</strong></span> <span class='ocrx_word' id='word_1_182' title='bbox 1273 2629 1305 2683; x_wconf 90' lang='lat' dir='ltr'><strong>et</strong></span> <span class='ocrx_word' id='word_1_183' title='bbox 1327 2618 1427 2683; x_wconf 88' lang='lat' dir='ltr'><strong>ruinis</strong></span> <span class='ocrx_word' id='word_1_184' title='bbox 1449 2619 1716 2704; x_wconf 87' lang='lat' dir='ltr'><strong>comparauerim.</strong></span> 
     </span>
    </p>

    <p class='ocr_par' dir='ltr' id='par_1_9' title="bbox 579 2732 2277 3051">
     <span class='ocr_line' id='line_1_18' title="bbox 579 2732 2277 2822; baseline 0.002 -27"><span class='ocrx_word' id='word_1_185' title='bbox 579 2733 595 2783; x_wconf 78' lang='grc'><strong>4</strong></span> <span class='ocrx_word' id='word_1_186' title='bbox 733 2732 831 2796; x_wconf 82' lang='lat' dir='ltr'><strong>quta</strong></span> <span class='ocrx_word' id='word_1_187' title='bbox 851 2732 939 2797; x_wconf 90' lang='lat' dir='ltr'><strong>illam</strong></span> <span class='ocrx_word' id='word_1_188' title='bbox 961 2732 1004 2797; x_wconf 90' lang='lat' dir='ltr'><strong>ad</strong></span> <span class='ocrx_word' id='word_1_189' title='bbox 1026 2733 1089 2798; x_wconf 93' lang='lat' dir='ltr'><strong>duo</strong></span> <span class='ocrx_word' id='word_1_190' title='bbox 1111 2732 1201 2797; x_wconf 87' lang='lat' dir='ltr'><strong>milia</strong></span> <span class='ocrx_word' id='word_1_191' title='bbox 1221 2735 1317 2799; x_wconf 86' lang='lat' dir='ltr'><strong>situm</strong></span> <span class='ocrx_word' id='word_1_192' title='bbox 1339 2744 1387 2799; x_wconf 91' lang='lat' dir='ltr'><strong>est</strong></span> <span class='ocrx_word' id='word_1_193' title='bbox 1411 2738 1514 2815; x_wconf 82' lang='lat' dir='ltr'><strong>Setepl</strong></span> <span class='ocrx_word' id='word_1_194' title='bbox 1536 2744 1694 2815; x_wconf 89' lang='lat' dir='ltr'><strong>castrum,</strong></span> <span class='ocrx_word' id='word_1_195' title='bbox 1723 2734 1816 2797; x_wconf 85' lang='lat' dir='ltr'><strong>iuxta</strong></span> <span class='ocrx_word' id='word_1_196' title='bbox 1838 2732 1924 2821; x_wconf 91' lang='lat' dir='ltr'><strong>quod</strong></span> <span class='ocrx_word' id='word_1_197' title='bbox 1945 2735 1979 2797; x_wconf 90' lang='lat' dir='ltr'><strong>in</strong></span> <span class='ocrx_word' id='word_1_198' title='bbox 2003 2732 2152 2816; x_wconf 88' lang='lat' dir='ltr'><strong>flumine,</strong></span> <span class='ocrx_word' id='word_1_199' title='bbox 2173 2756 2194 2798; x_wconf 89' lang='lat' dir='ltr'><strong>a</strong></span> <span class='ocrx_word' id='word_1_200' title='bbox 2215 2756 2277 2822; x_wconf 91' lang='lat' dir='ltr'><strong>quo</strong></span> 
     </span>
     <span class='ocr_line' id='line_1_19' title="bbox 610 2846 2277 2937; baseline 0.002 -26"><span class='ocrx_word' id='word_1_201' title='bbox 610 2847 717 2933; x_wconf 88' lang='lat' dir='ltr'><strong>ipsum</strong></span> <span class='ocrx_word' id='word_1_202' title='bbox 739 2858 881 2913; x_wconf 86' lang='lat' dir='ltr'><strong>castrum</strong></span> <span class='ocrx_word' id='word_1_203' title='bbox 901 2848 1126 2914; x_wconf 87' lang='lat' dir='ltr'><strong>denominatur</strong></span> <span class='ocrx_word' id='word_1_204' title='bbox 1140 2850 1195 2927; x_wconf 62' lang='grc'><strong>111)</strong></span> <span class='ocrx_word' id='word_1_205' title='bbox 1201 2898 1210 2930; x_wconf 83' lang='grc'><strong><em>,</em></strong></span> <span class='ocrx_word' id='word_1_206' title='bbox 1239 2848 1424 2914; x_wconf 88' lang='lat' dir='ltr'><strong>submersus</strong></span> <span class='ocrx_word' id='word_1_207' title='bbox 1453 2850 1512 2913; x_wconf 88' lang='lat' dir='ltr'><strong>fuit</strong></span> <span class='ocrx_word' id='word_1_208' title='bbox 1534 2886 1572 2895; x_wconf 91' lang='lat'>—</span> <span class='ocrx_word' id='word_1_209' title='bbox 1595 2848 1676 2937; x_wconf 90' lang='lat' dir='ltr'><strong>proh</strong></span> <span class='ocrx_word' id='word_1_210' title='bbox 1698 2846 1805 2915; x_wconf 85' lang='lat' dir='ltr'><strong>dolor!</strong></span> <span class='ocrx_word' id='word_1_211' title='bbox 1828 2885 1869 2893; x_wconf 94' lang='lat'><em>—</em></span> <span class='ocrx_word' id='word_1_212' title='bbox 1902 2848 2095 2913; x_wconf 80' lang='lat' dir='ltr'><strong>Fredericus</strong></span> <span class='ocrx_word' id='word_1_213' title='bbox 2117 2848 2277 2914; x_wconf 91' lang='lat' dir='ltr'><strong>Romano·</strong></span> 
     </span>
     <span class='ocr_line' id='line_1_20' title="bbox 609 2962 1747 3051; baseline 0.001 -24"><span class='ocrx_word' id='word_1_214' title='bbox 609 2986 682 3027; x_wconf 91' lang='lat' dir='ltr'><strong>rum</strong></span> <span class='ocrx_word' id='word_1_215' title='bbox 701 2962 893 3050; x_wconf 65' lang='lat' dir='ltr'><strong>Imerator,</strong></span> <span class='ocrx_word' id='word_1_216' title='bbox 917 2986 990 3028; x_wconf 90' lang='lat' dir='ltr'><strong>cum</strong></span> <span class='ocrx_word' id='word_1_217' title='bbox 1012 2965 1047 3027; x_wconf 91' lang='lat' dir='ltr'><strong>in</strong></span> <span class='ocrx_word' id='word_1_218' title='bbox 1068 2966 1314 3051; x_wconf 89' lang='lat' dir='ltr'><strong>recuperatione</strong></span> <span class='ocrx_word' id='word_1_219' title='bbox 1337 2978 1421 3031; x_wconf 89' lang='lat' dir='ltr'><strong>terre</strong></span> <span class='ocrx_word' id='word_1_220' title='bbox 1444 2976 1553 3029; x_wconf 88' lang='lat' dir='ltr'><strong>sancte</strong></span> <span class='ocrx_word' id='word_1_221' title='bbox 1574 2964 1747 3029; x_wconf 82' lang='lat' dir='ltr'><strong>laboraret</strong></span> 
     </span>
    </p>

    <p class='ocr_par' dir='ltr' id='par_1_10' title="bbox 576 3046 2275 3177">
     <span class='ocr_line' id='line_1_21' title="bbox 576 3046 2275 3177; baseline 0.002 -33"><span class='ocrx_word' id='word_1_222' title='bbox 576 3046 592 3163; x_wconf 55' lang='lat' dir='ltr'><strong>i</strong></span> <span class='ocrx_word' id='word_1_223' title='bbox 732 3079 872 3145; x_wconf 87' lang='lat' dir='ltr'>XXVII.</span> <span class='ocrx_word' id='word_1_224' title='bbox 912 3078 993 3177; x_wconf 80' lang='lat' dir='ltr'><strong>Inde</strong></span> <span class='ocrx_word' id='word_1_225' title='bbox 1018 3081 1151 3166; x_wconf 87' lang='lat' dir='ltr'><strong>nauigio</strong></span> <span class='ocrx_word' id='word_1_226' title='bbox 1177 3079 1271 3146; x_wconf 93' lang='lat' dir='ltr'><strong>nobis</strong></span> <span class='ocrx_word' id='word_1_227' title='bbox 1299 3090 1473 3168; x_wconf 88' lang='lat' dir='ltr'><strong>preparato</strong></span> <span class='ocrx_word' id='word_1_228' title='bbox 1500 3081 1533 3145; x_wconf 93' lang='lat' dir='ltr'><strong>in</strong></span> <span class='ocrx_word' id='word_1_229' title='bbox 1559 3083 1688 3161; x_wconf 76' lang='lat' dir='ltr'><strong>Cyprum</strong></span> <span class='ocrx_word' id='word_1_230' title='bbox 1715 3078 1948 3145; x_wconf 83' lang='lat' dir='ltr'><strong>descendimus.</strong></span> <span class='ocrx_word' id='word_1_231' title='bbox 1992 3078 2064 3159; x_wconf 78' lang='lat' dir='ltr'><strong>Qua</strong></span> <span class='ocrx_word' id='word_1_232' title='bbox 2092 3090 2141 3145; x_wconf 89' lang='lat' dir='ltr'><strong>est</strong></span> <span class='ocrx_word' id='word_1_233' title='bbox 2171 3080 2275 3147; x_wconf 89' lang='lat' dir='ltr'><strong>insula</strong></span> 
     </span>
    </p>

    <p class='ocr_par' dir='ltr' id='par_1_11' title="bbox 576 3192 2276 3285">
     <span class='ocr_line' id='line_1_22' title="bbox 576 3192 2276 3285; baseline 0.001 -26"><span class='ocrx_word' id='word_1_234' title='bbox 576 3208 732 3260; x_wconf 78' lang='lat' dir='ltr'><strong>asumma</strong></span> <span class='ocrx_word' id='word_1_235' title='bbox 761 3194 892 3285; x_wconf 84' lang='lat' dir='ltr'><strong>fertilis,</strong></span> <span class='ocrx_word' id='word_1_236' title='bbox 921 3196 1045 3282; x_wconf 88' lang='lat' dir='ltr'><strong>optima</strong></span> <span class='ocrx_word' id='word_1_237' title='bbox 1073 3194 1196 3260; x_wconf 87' lang='lat' dir='ltr'><strong>habens</strong></span> <span class='ocrx_word' id='word_1_238' title='bbox 1222 3198 1306 3262; x_wconf 90' lang='lat' dir='ltr'><strong>uina.</strong></span> <span class='ocrx_word' id='word_1_239' title='bbox 1349 3196 1419 3277; x_wconf 82' lang='lat' dir='ltr'><strong>Qus</strong></span> <span class='ocrx_word' id='word_1_240' title='bbox 1440 3194 1515 3261; x_wconf 92' lang='lat' dir='ltr'><strong>licet</strong></span> <span class='ocrx_word' id='word_1_241' title='bbox 1543 3198 1607 3261; x_wconf 86' lang='lat' dir='ltr'><strong>sita</strong></span> <span class='ocrx_word' id='word_1_242' title='bbox 1627 3196 1670 3260; x_wconf 93' lang='lat' dir='ltr'><strong>sit</strong></span> <span class='ocrx_word' id='word_1_243' title='bbox 1693 3216 1794 3282; x_wconf 89' lang='lat' dir='ltr'><strong>prope</strong></span> <span class='ocrx_word' id='word_1_244' title='bbox 1817 3192 1984 3281; x_wconf 88' lang='lat' dir='ltr'><strong>cyclades,</strong></span> <span class='ocrx_word' id='word_1_245' title='bbox 2014 3204 2120 3259; x_wconf 64' lang='lat' dir='ltr'><strong>umen</strong></span> <span class='ocrx_word' id='word_1_246' title='bbox 2141 3206 2276 3261; x_wconf 89' lang='lat' dir='ltr'><strong>nonest</strong></span> 
     </span>
    </p>

    <p class='ocr_par' dir='ltr' id='par_1_12' title="bbox 575 3308 2276 3631">
     <span class='ocr_line' id='line_1_23' title="bbox 577 3308 2275 3399; baseline 0.002 -26"><span class='ocrx_word' id='word_1_247' title='bbox 577 3322 674 3375; x_wconf 76' lang='lat' dir='ltr'><strong>tuna</strong></span> <span class='ocrx_word' id='word_1_248' title='bbox 702 3309 850 3394; x_wconf 90' lang='lat' dir='ltr'><strong>illarum,</strong></span> <span class='ocrx_word' id='word_1_249' title='bbox 879 3332 941 3399; x_wconf 88' lang='lat' dir='ltr'><strong>que</strong></span> <span class='ocrx_word' id='word_1_250' title='bbox 968 3320 1092 3375; x_wconf 90' lang='lat' dir='ltr'><strong>tantum</strong></span> <span class='ocrx_word' id='word_1_251' title='bbox 1121 3310 1205 3376; x_wconf 88' lang='lat' dir='ltr'><strong>dnae</strong></span> <span class='ocrx_word' id='word_1_252' title='bbox 1225 3312 1288 3377; x_wconf 88' lang='lat' dir='ltr'><strong>Vll</strong></span> <span class='ocrx_word' id='word_1_253' title='bbox 1319 3313 1427 3398; x_wconf 89' lang='lat' dir='ltr'><strong>potius</strong></span> <span class='ocrx_word' id='word_1_254' title='bbox 1442 3313 1497 3391; x_wconf 73' lang='grc'><strong>111)</strong></span> <span class='ocrx_word' id='word_1_255' title='bbox 1527 3334 1597 3377; x_wconf 90' lang='lat' dir='ltr'><strong>esse</strong></span> <span class='ocrx_word' id='word_1_256' title='bbox 1619 3308 1887 3389; x_wconf 70' lang='lat' dir='ltr'><strong>describerent).</strong></span> <span class='ocrx_word' id='word_1_257' title='bbox 1930 3308 2001 3373; x_wconf 88' lang='lat' dir='ltr'><strong>Hec</strong></span> <span class='ocrx_word' id='word_1_258' title='bbox 2022 3312 2055 3374; x_wconf 92' lang='lat' dir='ltr'><strong>in</strong></span> <span class='ocrx_word' id='word_1_259' title='bbox 2076 3310 2275 3397; x_wconf 88' lang='lat' dir='ltr'><strong>longitudine</strong></span> 
     </span>
     <span class='ocr_line' id='line_1_24' title="bbox 577 3424 2276 3515; baseline 0 -26"><span class='ocrx_word' id='word_1_260' title='bbox 577 3424 814 3512; x_wconf 77' lang='lat' dir='ltr'><strong>aprotenditur</strong></span> <span class='ocrx_word' id='word_1_261' title='bbox 835 3426 878 3491; x_wconf 89' lang='lat' dir='ltr'><strong>ad</strong></span> <span class='ocrx_word' id='word_1_262' title='bbox 899 3439 1036 3514; x_wconf 90' lang='lat' dir='ltr'><strong>quatuor</strong></span> <span class='ocrx_word' id='word_1_263' title='bbox 1058 3427 1172 3510; x_wconf 86' lang='lat' dir='ltr'><strong>dietas,</strong></span> <span class='ocrx_word' id='word_1_264' title='bbox 1191 3428 1225 3492; x_wconf 92' lang='lat' dir='ltr'><strong>in</strong></span> <span class='ocrx_word' id='word_1_265' title='bbox 1245 3426 1415 3492; x_wconf 90' lang='lat' dir='ltr'><strong>latitudine</strong></span> <span class='ocrx_word' id='word_1_266' title='bbox 1437 3426 1576 3514; x_wconf 89' lang='lat' dir='ltr'><strong>amplius</strong></span> <span class='ocrx_word' id='word_1_267' title='bbox 1597 3450 1694 3515; x_wconf 88' lang='lat' dir='ltr'><strong>quam</strong></span> <span class='ocrx_word' id='word_1_268' title='bbox 1717 3425 1760 3493; x_wconf 90' lang='lat' dir='ltr'><strong>ad</strong></span> <span class='ocrx_word' id='word_1_269' title='bbox 1781 3424 1872 3491; x_wconf 89' lang='lat' dir='ltr'><strong>duas.</strong></span> <span class='ocrx_word' id='word_1_270' title='bbox 1915 3426 1959 3490; x_wconf 88' lang='lat' dir='ltr'><strong>Et</strong></span> <span class='ocrx_word' id='word_1_271' title='bbox 1980 3424 2077 3490; x_wconf 87' lang='lat' dir='ltr'><strong>habet</strong></span> <span class='ocrx_word' id='word_1_272' title='bbox 2098 3428 2130 3490; x_wconf 92' lang='lat' dir='ltr'><strong>in</strong></span> <span class='ocrx_word' id='word_1_273' title='bbox 2154 3447 2188 3490; x_wconf 89' lang='lat' dir='ltr'><strong>se</strong></span> <span class='ocrx_word' id='word_1_274' title='bbox 2210 3424 2276 3491; x_wconf 84' lang='lat' dir='ltr'><strong>alta</strong></span> 
     </span>
     <span class='ocr_line' id='line_1_25' title="bbox 575 3514 2274 3631; baseline -0.001 -25"><span class='ocrx_word' id='word_1_275' title='bbox 575 3514 771 3629; x_wconf 49' lang='lat' dir='ltr'><strong>lmentana.</strong></span> <span class='ocrx_word' id='word_1_276' title='bbox 812 3542 936 3630; x_wconf 81' lang='lat' dir='ltr'><strong>Inque</strong></span> <span class='ocrx_word' id='word_1_277' title='bbox 956 3565 1037 3607; x_wconf 90' lang='lat' dir='ltr'><strong>unus</strong></span> <span class='ocrx_word' id='word_1_278' title='bbox 1062 3553 1112 3607; x_wconf 91' lang='lat' dir='ltr'><strong>est</strong></span> <span class='ocrx_word' id='word_1_279' title='bbox 1132 3542 1396 3631; x_wconf 85' lang='lat' dir='ltr'><strong>archiepiscopus</strong></span> <span class='ocrx_word' id='word_1_280' title='bbox 1405 3550 1429 3621; x_wconf 69' lang='lat' dir='ltr'><strong>e)</strong></span> <span class='ocrx_word' id='word_1_281' title='bbox 1436 3592 1445 3625; x_wconf 95' lang='lat'><strong>,</strong></span> <span class='ocrx_word' id='word_1_282' title='bbox 1473 3554 1539 3608; x_wconf 89' lang='lat' dir='ltr'><strong>tres</strong></span> <span class='ocrx_word' id='word_1_283' title='bbox 1567 3542 1690 3607; x_wconf 90' lang='lat' dir='ltr'><strong>habens</strong></span> <span class='ocrx_word' id='word_1_284' title='bbox 1717 3542 1947 3627; x_wconf 83' lang='lat' dir='ltr'><strong>suffraganeos.</strong></span> <span class='ocrx_word' id='word_1_285' title='bbox 1989 3540 2034 3605; x_wconf 85' lang='lat' dir='ltr'><strong>Et</strong></span> <span class='ocrx_word' id='word_1_286' title='bbox 2063 3552 2138 3605; x_wconf 88' lang='lat' dir='ltr'><strong>sunt</strong></span> <span class='ocrx_word' id='word_1_287' title='bbox 2157 3540 2274 3606; x_wconf 87' lang='lat' dir='ltr'><strong>Latini.</strong></span> 
     </span>
    </p>

    <p class='ocr_par' dir='ltr' id='par_1_13' title="bbox 574 3647 2278 3765">
     <span class='ocr_line' id='line_1_26' title="bbox 574 3647 2278 3765; baseline -0.001 -42"><span class='ocrx_word' id='word_1_288' title='bbox 574 3647 662 3765; x_wconf 60' lang='lat' dir='ltr'><strong>{De</strong></span> <span class='ocrx_word' id='word_1_289' title='bbox 683 3657 801 3745; x_wconf 88' lang='lat' dir='ltr'><strong>quibus</strong></span> <span class='ocrx_word' id='word_1_290' title='bbox 828 3660 896 3723; x_wconf 89' lang='lat' dir='ltr'><strong>suis</strong></span> <span class='ocrx_word' id='word_1_291' title='bbox 917 3657 999 3723; x_wconf 88' lang='lat' dir='ltr'><strong>locis</strong></span> <span class='ocrx_word' id='word_1_292' title='bbox 1021 3658 1271 3745; x_wconf 65' lang='lat' dir='ltr'><strong>expedieminit)</strong></span> <span class='ocrx_word' id='word_1_293' title='bbox 1285 3660 1350 3737; x_wconf 72' lang='lat'><strong>¹³⁰).</strong></span> <span class='ocrx_word' id='word_1_294' title='bbox 1386 3658 1482 3724; x_wconf 86' lang='lat' dir='ltr'><strong>Greci</strong></span> <span class='ocrx_word' id='word_1_295' title='bbox 1500 3680 1588 3741; x_wconf 90' lang='lat' dir='ltr'><strong>uero,</strong></span> <span class='ocrx_word' id='word_1_296' title='bbox 1611 3656 1728 3744; x_wconf 91' lang='lat' dir='ltr'><strong>quibus</strong></span> <span class='ocrx_word' id='word_1_297' title='bbox 1742 3657 1851 3723; x_wconf 88' lang='lat' dir='ltr'><strong>Latini</strong></span> <span class='ocrx_word' id='word_1_298' title='bbox 1873 3668 2046 3743; x_wconf 82' lang='lat' dir='ltr'><strong>pertatem</strong></span> <span class='ocrx_word' id='word_1_299' title='bbox 2062 3656 2278 3721; x_wconf 81' lang='lat' dir='ltr'><strong>ltancterram</strong></span> 
     </span>
    </p>

    <p class='ocr_par' dir='ltr' id='par_1_14' title="bbox 560 3770 2276 3862">
     <span class='ocr_line' id='line_1_27' title="bbox 560 3770 2276 3862; baseline -0.001 -25"><span class='ocrx_word' id='word_1_300' title='bbox 560 3804 592 3854; x_wconf 84' lang='lat' dir='ltr'><strong>to</strong></span> <span class='ocrx_word' id='word_1_301' title='bbox 609 3772 832 3857; x_wconf 88' lang='lat' dir='ltr'><strong>dominantur,</strong></span> <span class='ocrx_word' id='word_1_302' title='bbox 863 3774 1019 3839; x_wconf 88' lang='lat' dir='ltr'><strong>tredecim</strong></span> <span class='ocrx_word' id='word_1_303' title='bbox 1042 3772 1163 3839; x_wconf 89' lang='lat' dir='ltr'><strong>habent</strong></span> <span class='ocrx_word' id='word_1_304' title='bbox 1181 3775 1369 3862; x_wconf 87' lang='lat' dir='ltr'><strong>episcopos,</strong></span> <span class='ocrx_word' id='word_1_305' title='bbox 1401 3796 1535 3861; x_wconf 89' lang='lat' dir='ltr'><strong>quormn</strong></span> <span class='ocrx_word' id='word_1_306' title='bbox 1557 3797 1638 3839; x_wconf 87' lang='lat' dir='ltr'><strong>unus</strong></span> <span class='ocrx_word' id='word_1_307' title='bbox 1666 3784 1715 3839; x_wconf 89' lang='lat' dir='ltr'><strong>est</strong></span> <span class='ocrx_word' id='word_1_308' title='bbox 1736 3772 2009 3861; x_wconf 87' lang='lat' dir='ltr'><strong>archiepiscopus.</strong></span> <span class='ocrx_word' id='word_1_309' title='bbox 2052 3770 2173 3837; x_wconf 89' lang='lat' dir='ltr'><strong>Omnes</strong></span> <span class='ocrx_word' id='word_1_310' title='bbox 2195 3774 2276 3859; x_wconf 87' lang='lat' dir='ltr'><strong>ipsis</strong></span> 
     </span>
    </p>

    <p class='ocr_par' dir='ltr' id='par_1_15' title="bbox 560 3886 2275 3979">
     <span class='ocr_line' id='line_1_28' title="bbox 560 3886 2275 3979; baseline 0 -26"><span class='ocrx_word' id='word_1_311' title='bbox 560 3919 589 3969; x_wconf 84' lang='lat'><strong>11</strong></span> <span class='ocrx_word' id='word_1_312' title='bbox 608 3888 746 3954; x_wconf 83' lang='lat' dir='ltr'><strong>Francis</strong></span> <span class='ocrx_word' id='word_1_313' title='bbox 772 3888 946 3971; x_wconf 87' lang='lat' dir='ltr'><strong>obediunt,</strong></span> <span class='ocrx_word' id='word_1_314' title='bbox 977 3889 1132 3955; x_wconf 88' lang='lat' dir='ltr'><strong>tributum</strong></span> <span class='ocrx_word' id='word_1_315' title='bbox 1160 3899 1315 3979; x_wconf 84' lang='lat' dir='ltr'><strong>tanquam</strong></span> <span class='ocrx_word' id='word_1_316' title='bbox 1348 3892 1434 3955; x_wconf 86' lang='lat' dir='ltr'><strong>serui</strong></span> <span class='ocrx_word' id='word_1_317' title='bbox 1464 3888 1694 3976; x_wconf 88' lang='lat' dir='ltr'><strong>persoluentes.</strong></span> <span class='ocrx_word' id='word_1_318' title='bbox 1732 3888 1785 3954; x_wconf 87' lang='lat' dir='ltr'><strong>Ex</strong></span> <span class='ocrx_word' id='word_1_319' title='bbox 1807 3888 1878 3953; x_wconf 89' lang='lat' dir='ltr'><strong>istis</strong></span> <span class='ocrx_word' id='word_1_320' title='bbox 1901 3890 1984 3954; x_wconf 83' lang='lat' dir='ltr'><strong>scire</strong></span> <span class='ocrx_word' id='word_1_321' title='bbox 2006 3890 2160 3975; x_wconf 89' lang='lat' dir='ltr'><strong>potestis,</strong></span> <span class='ocrx_word' id='word_1_322' title='bbox 2190 3886 2275 3973; x_wconf 89' lang='lat' dir='ltr'><strong>quod</strong></span> 
     </span>
    </p>

    <p class='ocr_par' dir='ltr' id='par_1_16' title="bbox 558 4002 2276 4325">
     <span class='ocr_line' id='line_1_29' title="bbox 558 4002 2276 4093; baseline 0 -24"><span class='ocrx_word' id='word_1_323' title='bbox 558 4029 590 4081; x_wconf 81' lang='lat' dir='ltr'><strong>lt</strong></span> <span class='ocrx_word' id='word_1_324' title='bbox 608 4004 731 4069; x_wconf 92' lang='lat' dir='ltr'><strong>domini</strong></span> <span class='ocrx_word' id='word_1_325' title='bbox 753 4004 847 4070; x_wconf 90' lang='lat' dir='ltr'><strong>huius</strong></span> <span class='ocrx_word' id='word_1_326' title='bbox 868 4018 954 4071; x_wconf 85' lang='lat' dir='ltr'><strong>terre</strong></span> <span class='ocrx_word' id='word_1_327' title='bbox 971 4006 1092 4071; x_wconf 83' lang='lat' dir='ltr'><strong>Franci</strong></span> <span class='ocrx_word' id='word_1_328' title='bbox 1114 4016 1197 4083; x_wconf 82' lang='lat' dir='ltr'><strong>sunt,</strong></span> <span class='ocrx_word' id='word_1_329' title='bbox 1219 4006 1335 4093; x_wconf 85' lang='lat' dir='ltr'><strong>quibus</strong></span> <span class='ocrx_word' id='word_1_330' title='bbox 1351 4005 1449 4071; x_wconf 84' lang='lat' dir='ltr'><strong>Greci</strong></span> <span class='ocrx_word' id='word_1_331' title='bbox 1473 4017 1504 4070; x_wconf 90' lang='lat' dir='ltr'><strong>et</strong></span> <span class='ocrx_word' id='word_1_332' title='bbox 1519 4004 1688 4070; x_wconf 88' lang='lat' dir='ltr'><strong>Hermenii</strong></span> <span class='ocrx_word' id='word_1_333' title='bbox 1710 4020 1744 4071; x_wconf 90' lang='lat' dir='ltr'><strong>ut</strong></span> <span class='ocrx_word' id='word_1_334' title='bbox 1758 4004 1863 4069; x_wconf 90' lang='lat' dir='ltr'><strong>coloni</strong></span> <span class='ocrx_word' id='word_1_335' title='bbox 1878 4002 2040 4069; x_wconf 89' lang='lat' dir='ltr'><strong>obediunt.</strong></span> <span class='ocrx_word' id='word_1_336' title='bbox 2078 4004 2142 4086; x_wconf 78' lang='lat' dir='ltr'><strong>Qui</strong></span> <span class='ocrx_word' id='word_1_337' title='bbox 2157 4004 2276 4079; x_wconf 67' lang='lat' dir='ltr'><strong>omnir)</strong></span> 
     </span>
     <span class='ocr_line' id='line_1_30' title="bbox 606 4119 2274 4209; baseline -0.001 -24"><span class='ocrx_word' id='word_1_338' title='bbox 606 4144 666 4187; x_wconf 89' lang='lat' dir='ltr'><strong>sua</strong></span> <span class='ocrx_word' id='word_1_339' title='bbox 691 4120 903 4207; x_wconf 89' lang='lat' dir='ltr'><strong>dispositione</strong></span> <span class='ocrx_word' id='word_1_340' title='bbox 931 4122 1083 4187; x_wconf 78' lang='lat' dir='ltr'><strong>informes</strong></span> <span class='ocrx_word' id='word_1_341' title='bbox 1112 4123 1144 4187; x_wconf 88' lang='lat' dir='ltr'><strong>e&#39;t</strong></span> <span class='ocrx_word' id='word_1_342' title='bbox 1173 4143 1317 4209; x_wconf 87' lang='lat' dir='ltr'><strong>paupere</strong></span> <span class='ocrx_word' id='word_1_343' title='bbox 1350 4120 1462 4187; x_wconf 92' lang='lat' dir='ltr'><strong>habitu</strong></span> <span class='ocrx_word' id='word_1_344' title='bbox 1492 4121 1676 4187; x_wconf 88' lang='lat' dir='ltr'><strong>incedentes</strong></span> <span class='ocrx_word' id='word_1_345' title='bbox 1708 4121 1879 4208; x_wconf 88' lang='lat' dir='ltr'><strong>plurimum</strong></span> <span class='ocrx_word' id='word_1_346' title='bbox 1909 4119 2037 4185; x_wconf 86' lang='lat' dir='ltr'><strong>luxurie</strong></span> <span class='ocrx_word' id='word_1_347' title='bbox 2071 4120 2274 4201; x_wconf 77' lang='lat' dir='ltr'><strong>deseruinnt3</strong></span> 
     </span>
     <span class='ocr_line' id='line_1_31' title="bbox 606 4235 2274 4325; baseline -0.003 -25"><span class='ocrx_word' id='word_1_348' title='bbox 606 4236 692 4325; x_wconf 92' lang='lat' dir='ltr'><strong>quod</strong></span> <span class='ocrx_word' id='word_1_349' title='bbox 713 4237 788 4301; x_wconf 89' lang='lat' dir='ltr'><strong>uino</strong></span> <span class='ocrx_word' id='word_1_350' title='bbox 812 4236 897 4301; x_wconf 90' lang='lat' dir='ltr'><strong>illius</strong></span> <span class='ocrx_word' id='word_1_351' title='bbox 918 4248 1013 4319; x_wconf 90' lang='lat' dir='ltr'><strong>terre,</strong></span> <span class='ocrx_word' id='word_1_352' title='bbox 1036 4239 1069 4302; x_wconf 91' lang='lat' dir='ltr'><strong>in</strong></span> <span class='ocrx_word' id='word_1_353' title='bbox 1092 4260 1154 4324; x_wconf 91' lang='lat' dir='ltr'><strong>quo</strong></span> <span class='ocrx_word' id='word_1_354' title='bbox 1174 4237 1276 4303; x_wconf 90' lang='lat' dir='ltr'><strong>multa</strong></span> <span class='ocrx_word' id='word_1_355' title='bbox 1297 4250 1345 4303; x_wconf 87' lang='lat' dir='ltr'><strong>est</strong></span> <span class='ocrx_word' id='word_1_356' title='bbox 1365 4238 1511 4319; x_wconf 87' lang='lat' dir='ltr'><strong>luxuria,</strong></span> <span class='ocrx_word' id='word_1_357' title='bbox 1535 4236 1587 4302; x_wconf 90' lang='lat' dir='ltr'><strong>uel</strong></span> <span class='ocrx_word' id='word_1_358' title='bbox 1609 4240 1721 4324; x_wconf 87' lang='lat' dir='ltr'><strong>pocius</strong></span> <span class='ocrx_word' id='word_1_359' title='bbox 1744 4238 1824 4325; x_wconf 87' lang='lat' dir='ltr'><strong>ipsis</strong></span> <span class='ocrx_word' id='word_1_360' title='bbox 1846 4236 2033 4301; x_wconf 90' lang='lat' dir='ltr'><strong>bibentibus</strong></span> <span class='ocrx_word' id='word_1_361' title='bbox 2054 4235 2274 4321; x_wconf 87' lang='lat' dir='ltr'><strong>imputabitur.</strong></span> 
     </span>
    </p>

    <p class='ocr_par' dir='ltr' id='par_1_17' title="bbox 557 4348 2274 4466">
     <span class='ocr_line' id='line_1_32' title="bbox 557 4348 2274 4466; baseline -0.001 -49"><span class='ocrx_word' id='word_1_362' title='bbox 557 4348 589 4466; x_wconf 49' lang='grc' dir='ltr'>ᾖ</span> <span class='ocrx_word' id='word_1_363' title='bbox 604 4352 679 4417; x_wconf 90' lang='lat' dir='ltr'><strong>Hac</strong></span> <span class='ocrx_word' id='word_1_364' title='bbox 700 4356 801 4417; x_wconf 90' lang='lat' dir='ltr'><strong>eciam</strong></span> <span class='ocrx_word' id='word_1_365' title='bbox 825 4350 1082 4417; x_wconf 87' lang='lat' dir='ltr'><strong>consideratione</strong></span> <span class='ocrx_word' id='word_1_366' title='bbox 1102 4353 1214 4419; x_wconf 90' lang='lat' dir='ltr'><strong>habita</strong></span> <span class='ocrx_word' id='word_1_367' title='bbox 1234 4352 1345 4418; x_wconf 88' lang='lat' dir='ltr'><strong>Uenus</strong></span> <span class='ocrx_word' id='word_1_368' title='bbox 1373 4356 1406 4417; x_wconf 91' lang='lat' dir='ltr'><strong>in</strong></span> <span class='ocrx_word' id='word_1_369' title='bbox 1429 4352 1539 4439; x_wconf 85' lang='lat' dir='ltr'><strong>Cypro</strong></span> <span class='ocrx_word' id='word_1_370' title='bbox 1571 4354 1633 4418; x_wconf 90' lang='lat' dir='ltr'><strong>coli</strong></span> <span class='ocrx_word' id='word_1_371' title='bbox 1655 4352 1832 4419; x_wconf 87' lang='lat' dir='ltr'><strong>dicebatur.</strong></span> <span class='ocrx_word' id='word_1_372' title='bbox 1880 4351 1973 4416; x_wconf 91' lang='lat' dir='ltr'><strong>Unde</strong></span> <span class='ocrx_word' id='word_1_373' title='bbox 2002 4357 2130 4439; x_wconf 88' lang='lat' dir='ltr'><strong>etipsa</strong></span> <span class='ocrx_word' id='word_1_374' title='bbox 2154 4352 2274 4437; x_wconf 85' lang='lat' dir='ltr'><strong>Cypris</strong></span> 
     </span>
    </p>

    <p class='ocr_par' dir='ltr' id='par_1_18' title="bbox 558 4465 2273 4671">
     <span class='ocr_line' id='line_1_33' title="bbox 558 4465 2272 4557; baseline -0.002 -23"><span class='ocrx_word' id='word_1_375' title='bbox 558 4496 588 4545; x_wconf 82' lang='lat'><strong>15</strong></span> <span class='ocrx_word' id='word_1_376' title='bbox 606 4479 657 4534; x_wconf 85' lang='lat' dir='ltr'><strong>est</strong></span> <span class='ocrx_word' id='word_1_377' title='bbox 675 4466 849 4557; x_wconf 83' lang='lat' dir='ltr'><strong>appellata,</strong></span> <span class='ocrx_word' id='word_1_378' title='bbox 871 4465 927 4531; x_wconf 87' lang='lat' dir='ltr'><strong>ubi</strong></span> <span class='ocrx_word' id='word_1_379' title='bbox 950 4466 1082 4533; x_wconf 86' lang='lat' dir='ltr'><strong>dicitur:</strong></span> <span class='ocrx_word' id='word_1_380' title='bbox 1104 4473 1234 4550; x_wconf 77' lang='lat' dir='ltr'><strong>„Cyprio</strong></span> <span class='ocrx_word' id='word_1_381' title='bbox 1255 4472 1347 4547; x_wconf 66' lang='lat' dir='ltr'><strong>deal)</strong></span> <span class='ocrx_word' id='word_1_382' title='bbox 1369 4476 1472 4531; x_wconf 62' lang='lat' dir='ltr'><strong>ilicrte</strong></span> <span class='ocrx_word' id='word_1_383' title='bbox 1493 4475 1541 4530; x_wconf 84' lang='lat' dir='ltr'><strong>uel</strong></span> <span class='ocrx_word' id='word_1_384' title='bbox 1556 4474 1653 4531; x_wconf 75' lang='lat' dir='ltr'><strong>eodetu</strong></span> <span class='ocrx_word' id='word_1_385' title='bbox 1669 4472 1801 4531; x_wconf 79' lang='lat' dir='ltr'><strong>uincitur</strong></span> <span class='ocrx_word' id='word_1_386' title='bbox 1814 4472 1907 4531; x_wconf 85' lang='lat' dir='ltr'><strong>arte.“</strong></span> <span class='ocrx_word' id='word_1_387' title='bbox 1942 4468 2030 4532; x_wconf 87' lang='lat' dir='ltr'><strong>Uina</strong></span> <span class='ocrx_word' id='word_1_388' title='bbox 2045 4470 2163 4533; x_wconf 85' lang='lat' dir='ltr'><strong>etenim</strong></span> <span class='ocrx_word' id='word_1_389' title='bbox 2178 4467 2272 4532; x_wconf 80' lang='lat' dir='ltr'><strong>htaiua</strong></span> 
     </span>
     <span class='ocr_line' id='line_1_34' title="bbox 605 4582 2273 4671; baseline -0.001 -23"><span class='ocrx_word' id='word_1_390' title='bbox 605 4582 710 4648; x_wconf 90' lang='lat' dir='ltr'><strong>insule</strong></span> <span class='ocrx_word' id='word_1_391' title='bbox 731 4582 813 4647; x_wconf 89' lang='lat' dir='ltr'><strong>adeo</strong></span> <span class='ocrx_word' id='word_1_392' title='bbox 835 4585 942 4669; x_wconf 89' lang='lat' dir='ltr'><strong>spissa</strong></span> <span class='ocrx_word' id='word_1_393' title='bbox 963 4595 995 4648; x_wconf 90' lang='lat' dir='ltr'><strong>et</strong></span> <span class='ocrx_word' id='word_1_394' title='bbox 1016 4585 1151 4671; x_wconf 88' lang='lat' dir='ltr'><strong>pinguia</strong></span> <span class='ocrx_word' id='word_1_395' title='bbox 1171 4595 1254 4668; x_wconf 90' lang='lat' dir='ltr'><strong>sunt,</strong></span> <span class='ocrx_word' id='word_1_396' title='bbox 1277 4595 1314 4649; x_wconf 91' lang='lat' dir='ltr'><strong>ut</strong></span> <span class='ocrx_word' id='word_1_397' title='bbox 1335 4583 1530 4669; x_wconf 89' lang='lat' dir='ltr'><strong>aliquando,</strong></span> <span class='ocrx_word' id='word_1_398' title='bbox 1552 4606 1625 4649; x_wconf 89' lang='lat' dir='ltr'><strong>cam</strong></span> <span class='ocrx_word' id='word_1_399' title='bbox 1648 4583 1691 4649; x_wconf 92' lang='lat' dir='ltr'><strong>ad</strong></span> <span class='ocrx_word' id='word_1_400' title='bbox 1713 4583 1773 4649; x_wconf 89' lang='lat' dir='ltr'><strong>hoc</strong></span> <span class='ocrx_word' id='word_1_401' title='bbox 1795 4582 2035 4669; x_wconf 89' lang='lat' dir='ltr'><strong>decoquantur,</strong></span> <span class='ocrx_word' id='word_1_402' title='bbox 2058 4606 2146 4649; x_wconf 90' lang='lat' dir='ltr'><strong>more</strong></span> <span class='ocrx_word' id='word_1_403' title='bbox 2169 4582 2273 4649; x_wconf 91' lang='lat' dir='ltr'><strong>mellis</strong></span> 
     </span>
    </p>

    <p class='ocr_par' dir='ltr' id='par_1_19' title="bbox 558 4697 2272 4785">
     <span class='ocr_line' id='line_1_35' title="bbox 558 4697 2272 4785; baseline -0.003 -18"><span class='ocrx_word' id='word_1_404' title='bbox 558 4716 588 4767; x_wconf 84' lang='grc'><strong>16</strong></span> <span class='ocrx_word' id='word_1_405' title='bbox 606 4722 679 4764; x_wconf 92' lang='lat' dir='ltr'><strong>cum</strong></span> <span class='ocrx_word' id='word_1_406' title='bbox 701 4721 785 4785; x_wconf 90' lang='lat' dir='ltr'><strong>pane</strong></span> <span class='ocrx_word' id='word_1_407' title='bbox 805 4697 1021 4765; x_wconf 90' lang='lat' dir='ltr'><strong>comedantur.</strong></span> <span class='ocrx_word' id='word_1_408' title='bbox 1053 4698 1124 4764; x_wconf 89' lang='lat' dir='ltr'><strong>Hec</strong></span> <span class='ocrx_word' id='word_1_409' title='bbox 1144 4704 1245 4765; x_wconf 90' lang='lat' dir='ltr'><strong>eciam</strong></span> <span class='ocrx_word' id='word_1_410' title='bbox 1265 4699 1372 4765; x_wconf 86' lang='lat' dir='ltr'><strong>insula</strong></span> <span class='ocrx_word' id='word_1_411' title='bbox 1394 4697 1511 4765; x_wconf 88' lang='lat' dir='ltr'><strong>multos</strong></span> <span class='ocrx_word' id='word_1_412' title='bbox 1534 4700 1620 4764; x_wconf 88' lang='lat' dir='ltr'><strong>fouet</strong></span> <span class='ocrx_word' id='word_1_413' title='bbox 1642 4698 1807 4765; x_wconf 88' lang='lat' dir='ltr'><strong>siluestres</strong></span> <span class='ocrx_word' id='word_1_414' title='bbox 1830 4698 1939 4763; x_wconf 87' lang='lat' dir='ltr'><strong>asinos</strong></span> <span class='ocrx_word' id='word_1_415' title='bbox 1962 4710 1994 4763; x_wconf 89' lang='lat' dir='ltr'><strong>et</strong></span> <span class='ocrx_word' id='word_1_416' title='bbox 2008 4701 2136 4776; x_wconf 88' lang='lat' dir='ltr'><strong>arietes,</strong></span> <span class='ocrx_word' id='word_1_417' title='bbox 2160 4722 2272 4765; x_wconf 87' lang='lat' dir='ltr'><strong>ceruos</strong></span> 
     </span>
    </p>

    <p class='ocr_par' dir='ltr' id='par_1_20' title="bbox 557 4813 2342 5019">
     <span class='ocr_line' id='line_1_36' title="bbox 557 4813 2268 4903; baseline -0.001 -23"><span class='ocrx_word' id='word_1_418' title='bbox 557 4830 586 4881; x_wconf 87' lang='lat' dir='ltr'><strong>tt</strong></span> <span class='ocrx_word' id='word_1_419' title='bbox 606 4826 637 4880; x_wconf 89' lang='lat' dir='ltr'><strong>et</strong></span> <span class='ocrx_word' id='word_1_420' title='bbox 656 4814 785 4897; x_wconf 79' lang='lat' dir='ltr'><strong>damas3</strong></span> <span class='ocrx_word' id='word_1_421' title='bbox 808 4836 901 4879; x_wconf 88' lang='lat' dir='ltr'><strong>ursos</strong></span> <span class='ocrx_word' id='word_1_422' title='bbox 923 4825 955 4878; x_wconf 89' lang='lat' dir='ltr'><strong>et</strong></span> <span class='ocrx_word' id='word_1_423' title='bbox 975 4813 1084 4879; x_wconf 89' lang='lat' dir='ltr'><strong>leones</strong></span> <span class='ocrx_word' id='word_1_424' title='bbox 1106 4815 1157 4880; x_wconf 88' lang='lat' dir='ltr'><strong>uel</strong></span> <span class='ocrx_word' id='word_1_425' title='bbox 1179 4816 1306 4903; x_wconf 72' lang='lat' dir='ltr'><strong>luposss)</strong></span> <span class='ocrx_word' id='word_1_426' title='bbox 1327 4815 1378 4880; x_wconf 92' lang='lat' dir='ltr'><strong>uel</strong></span> <span class='ocrx_word' id='word_1_427' title='bbox 1399 4814 1509 4901; x_wconf 86' lang='lat' dir='ltr'><strong>aliqua</strong></span> <span class='ocrx_word' id='word_1_428' title='bbox 1531 4818 1563 4879; x_wconf 90' lang='lat' dir='ltr'><strong>in</strong></span> <span class='ocrx_word' id='word_1_429' title='bbox 1586 4838 1620 4880; x_wconf 89' lang='lat' dir='ltr'><strong>se</strong></span> <span class='ocrx_word' id='word_1_430' title='bbox 1641 4815 1758 4881; x_wconf 87' lang='lat' dir='ltr'><strong>noeiua</strong></span> <span class='ocrx_word' id='word_1_431' title='bbox 1779 4813 1930 4878; x_wconf 86' lang='lat' dir='ltr'><strong>animalia</strong></span> <span class='ocrx_word' id='word_1_432' title='bbox 1954 4838 2017 4879; x_wconf 88' lang='lat' dir='ltr'><strong>uon</strong></span> <span class='ocrx_word' id='word_1_433' title='bbox 2036 4814 2167 4881; x_wconf 88' lang='lat' dir='ltr'><strong>habens.</strong></span> <span class='ocrx_word' id='word_1_434' title='bbox 2204 4813 2268 4895; x_wconf 79' lang='lat' dir='ltr'><strong>Qui</strong></span> 
     </span>
     <span class='ocr_line' id='line_1_37' title="bbox 605 4922 2342 5019; baseline -0.001 -23"><span class='ocrx_word' id='word_1_435' title='bbox 605 4943 712 4996; x_wconf 88' lang='lat' dir='ltr'><strong>autem</strong></span> <span class='ocrx_word' id='word_1_436' title='bbox 734 4930 861 5018; x_wconf 92' lang='lat' dir='ltr'><strong>plenius</strong></span> <span class='ocrx_word' id='word_1_437' title='bbox 884 4929 924 4994; x_wconf 92' lang='lat' dir='ltr'><strong>de</strong></span> <span class='ocrx_word' id='word_1_438' title='bbox 944 4930 1006 4994; x_wconf 88' lang='lat' dir='ltr'><strong>hac</strong></span> <span class='ocrx_word' id='word_1_439' title='bbox 1026 4940 1114 4995; x_wconf 86' lang='lat' dir='ltr'><strong>terra</strong></span> <span class='ocrx_word' id='word_1_440' title='bbox 1134 4933 1217 4997; x_wconf 89' lang='lat' dir='ltr'><strong>scire</strong></span> <span class='ocrx_word' id='word_1_441' title='bbox 1237 4932 1383 5013; x_wconf 88' lang='lat' dir='ltr'><strong>uoluerit,</strong></span> <span class='ocrx_word' id='word_1_442' title='bbox 1406 4930 1543 5019; x_wconf 85' lang='lat' dir='ltr'><strong>qualiter</strong></span> <span class='ocrx_word' id='word_1_443' title='bbox 1565 4932 1671 5019; x_wconf 90' lang='lat' dir='ltr'><strong>primo</strong></span> <span class='ocrx_word' id='word_1_444' title='bbox 1691 4932 1778 4995; x_wconf 82' lang='lat' dir='ltr'><strong>l&#39;acta</strong></span> <span class='ocrx_word' id='word_1_445' title='bbox 1798 4930 1894 4994; x_wconf 85' lang='lat' dir='ltr'><strong>luerit</strong></span> <span class='ocrx_word' id='word_1_446' title='bbox 1915 4928 2119 5012; x_wconf 87' lang='lat' dir='ltr'><strong>habitabilis,</strong></span> <span class='ocrx_word' id='word_1_447' title='bbox 2141 4942 2172 4994; x_wconf 90' lang='lat' dir='ltr'><strong>et</strong></span> <span class='ocrx_word' id='word_1_448' title='bbox 2191 4952 2267 5017; x_wconf 92' lang='lat' dir='ltr'><strong>quo·</strong></span> <span class='ocrx_word' id='word_1_449' title='bbox 2329 4922 2342 4953; x_wconf 73' lang='lat'>⁸</span> 
     </span>
    </p>
   </div>
   <div class='ocr_carea' id='block_1_3' title="bbox 671 5078 2271 5401">
    <p class='ocr_par' dir='ltr' id='par_1_21' title="bbox 671 5078 2271 5401">
     <span class='ocr_line' id='line_1_38' title="bbox 671 5078 2271 5151; baseline -0.001 -18"><span class='ocrx_word' id='word_1_450' title='bbox 671 5080 698 5151; x_wconf 89' lang='lat' dir='ltr'><strong>a)</strong></span> <span class='ocrx_word' id='word_1_451' title='bbox 715 5082 890 5135; x_wconf 74' lang='lat' dir='ltr'><strong>imaenioatur</strong></span> <span class='ocrx_word' id='word_1_452' title='bbox 908 5079 931 5133; x_wconf 90' lang='lat' dir='ltr'>B</span> <span class='ocrx_word' id='word_1_453' title='bbox 942 5080 991 5133; x_wconf 86' lang='lat' dir='ltr'><strong>Ed.</strong></span> <span class='ocrx_word' id='word_1_454' title='bbox 1011 5080 1195 5133; x_wconf 77' lang='lat' dir='ltr'><strong>invenirentur</strong></span> <span class='ocrx_word' id='word_1_455' title='bbox 1209 5096 1225 5134; x_wconf 89' lang='lat' dir='ltr'><strong>e</strong></span> <span class='ocrx_word' id='word_1_456' title='bbox 1242 5080 1401 5135; x_wconf 85' lang='lat' dir='ltr'><strong>coniectura</strong></span> <span class='ocrx_word' id='word_1_457' title='bbox 1420 5081 1585 5149; x_wconf 86' lang='lat' dir='ltr'><strong>scripsimus.</strong></span> <span class='ocrx_word' id='word_1_458' title='bbox 1599 5110 1630 5119; x_wconf 91' lang='lat'><strong>-·</strong></span> <span class='ocrx_word' id='word_1_459' title='bbox 1649 5080 1677 5145; x_wconf 86' lang='lat' dir='ltr'><strong>b)</strong></span> <span class='ocrx_word' id='word_1_460' title='bbox 1694 5096 1762 5149; x_wconf 79' lang='lat' dir='ltr'><strong>qaae</strong></span> <span class='ocrx_word' id='word_1_461' title='bbox 1779 5084 1881 5133; x_wconf 72' lang='lat' dir='ltr'><strong>mamm</strong></span> <span class='ocrx_word' id='word_1_462' title='bbox 1900 5080 1971 5132; x_wconf 79' lang='grc'>1111111</span> <span class='ocrx_word' id='word_1_463' title='bbox 1988 5078 2046 5131; x_wconf 90' lang='lat' dir='ltr'><strong>VII</strong></span> <span class='ocrx_word' id='word_1_464' title='bbox 2054 5080 2150 5149; x_wconf 83' lang='lat' dir='ltr'><strong>potius</strong></span> <span class='ocrx_word' id='word_1_465' title='bbox 2161 5096 2216 5133; x_wconf 78' lang='lat' dir='ltr'><strong>aare</strong></span> <span class='ocrx_word' id='word_1_466' title='bbox 2226 5080 2271 5131; x_wconf 85' lang='lat' dir='ltr'><strong>de·</strong></span> 
     </span>
     <span class='ocr_line' id='line_1_39' title="bbox 737 5160 2270 5233; baseline -0.002 -16"><span class='ocrx_word' id='word_1_467' title='bbox 737 5165 892 5217; x_wconf 63' lang='lat' dir='ltr'><strong>amburitur</strong></span> <span class='ocrx_word' id='word_1_468' title='bbox 908 5163 940 5220; x_wconf 88' lang='grc' dir='ltr'><strong>Β.</strong></span> <span class='ocrx_word' id='word_1_469' title='bbox 967 5164 1031 5230; x_wconf 81' lang='lat' dir='ltr'><strong>quic</strong></span> <span class='ocrx_word' id='word_1_470' title='bbox 1053 5172 1153 5233; x_wconf 81' lang='lat' dir='ltr'><strong>septem</strong></span> <span class='ocrx_word' id='word_1_471' title='bbox 1177 5182 1232 5219; x_wconf 83' lang='lat' dir='ltr'><strong>ease</strong></span> <span class='ocrx_word' id='word_1_472' title='bbox 1256 5165 1444 5217; x_wconf 68' lang='lat' dir='ltr'><strong>describentium</strong></span> <span class='ocrx_word' id='word_1_473' title='bbox 1461 5162 1510 5215; x_wconf 72' lang='lat' dir='ltr'><strong>Ed.</strong></span> <span class='ocrx_word' id='word_1_474' title='bbox 1531 5180 1571 5231; x_wconf 81' lang='lat' dir='ltr'><strong>pr.</strong></span> <span class='ocrx_word' id='word_1_475' title='bbox 1595 5192 1626 5201; x_wconf 92' lang='lat'>—</span> <span class='ocrx_word' id='word_1_476' title='bbox 1656 5164 1681 5233; x_wconf 86' lang='lat' dir='ltr'><strong>c)</strong></span> <span class='ocrx_word' id='word_1_477' title='bbox 1699 5163 1873 5233; x_wconf 78' lang='lat' dir='ltr'><strong>episcopatus</strong></span> <span class='ocrx_word' id='word_1_478' title='bbox 1891 5162 1921 5215; x_wconf 91' lang='lat' dir='ltr'><strong>B.</strong></span> <span class='ocrx_word' id='word_1_479' title='bbox 1948 5164 2202 5233; x_wconf 70' lang='lat' dir='ltr'><strong>archiepiscopatum</strong></span> <span class='ocrx_word' id='word_1_480' title='bbox 2220 5160 2270 5215; x_wconf 88' lang='lat' dir='ltr'><strong>Ed.</strong></span> 
     </span>
     <span class='ocr_line' id='line_1_40' title="bbox 738 5244 2268 5317; baseline -0.002 -16"><span class='ocrx_word' id='word_1_481' title='bbox 738 5248 970 5317; x_wconf 67' lang='lat' dir='ltr'><strong>archiepiscopus</strong></span> <span class='ocrx_word' id='word_1_482' title='bbox 987 5263 1002 5300; x_wconf 92' lang='lat' dir='ltr'><strong>e</strong></span> <span class='ocrx_word' id='word_1_483' title='bbox 1019 5247 1177 5302; x_wconf 88' lang='lat' dir='ltr'><strong>coniectura</strong></span> <span class='ocrx_word' id='word_1_484' title='bbox 1193 5247 1323 5301; x_wconf 86' lang='lat' dir='ltr'><strong>dedimus.</strong></span> <span class='ocrx_word' id='word_1_485' title='bbox 1342 5277 1373 5285; x_wconf 97' lang='lat'><em>-</em></span> <span class='ocrx_word' id='word_1_486' title='bbox 1391 5247 1420 5311; x_wconf 83' lang='grc'><strong>11)</strong></span> <span class='ocrx_word' id='word_1_487' title='bbox 1440 5246 1611 5317; x_wconf 62' lang='lat' dir='ltr'><strong>respectionem</strong></span> <span class='ocrx_word' id='word_1_488' title='bbox 1627 5245 1652 5298; x_wconf 91' lang='lat' dir='ltr'>B</span> <span class='ocrx_word' id='word_1_489' title='bbox 1664 5246 1713 5301; x_wconf 81' lang='lat' dir='ltr'><strong>Ed.</strong></span> <span class='ocrx_word' id='word_1_490' title='bbox 1740 5244 1793 5299; x_wconf 84' lang='lat' dir='ltr'><strong>Sed</strong></span> <span class='ocrx_word' id='word_1_491' title='bbox 1811 5244 1846 5301; x_wconf 84' lang='lat' dir='ltr'><strong>cf.</strong></span> <span class='ocrx_word' id='word_1_492' title='bbox 1865 5244 1901 5299; x_wconf 92' lang='lat'><strong>11.</strong></span> <span class='ocrx_word' id='word_1_493' title='bbox 1921 5249 1943 5299; x_wconf 86' lang='lat'><strong>2.</strong></span> <span class='ocrx_word' id='word_1_494' title='bbox 1962 5252 1985 5300; x_wconf 87' lang='grc'><strong>1.</strong></span> <span class='ocrx_word' id='word_1_495' title='bbox 2005 5276 2035 5285; x_wconf 90' lang='lat'>-</span> <span class='ocrx_word' id='word_1_496' title='bbox 2056 5250 2082 5309; x_wconf 79' lang='lat' dir='ltr'><strong>e)</strong></span> <span class='ocrx_word' id='word_1_497' title='bbox 2093 5262 2183 5299; x_wconf 79' lang='grc'>1111111111</span> <span class='ocrx_word' id='word_1_498' title='bbox 2195 5244 2226 5298; x_wconf 90' lang='grc' dir='ltr'><strong>Β.</strong></span> <span class='ocrx_word' id='word_1_499' title='bbox 2237 5278 2268 5285; x_wconf 98' lang='grc'>-</span> 
     </span>
     <span class='ocr_line' id='line_1_41' title="bbox 739 5328 2151 5401; baseline -0.001 -16"><span class='ocrx_word' id='word_1_500' title='bbox 739 5330 766 5397; x_wconf 83' lang='lat' dir='ltr'><strong>f)</strong></span> <span class='ocrx_word' id='word_1_501' title='bbox 786 5330 885 5401; x_wconf 71' lang='lat' dir='ltr'><strong>diyprtir</strong></span> <span class='ocrx_word' id='word_1_502' title='bbox 901 5348 933 5385; x_wconf 89' lang='lat' dir='ltr'><strong>eo</strong></span> <span class='ocrx_word' id='word_1_503' title='bbox 950 5330 1044 5384; x_wconf 84' lang='lat' dir='ltr'><strong>Marte</strong></span> <span class='ocrx_word' id='word_1_504' title='bbox 1060 5330 1145 5384; x_wconf 83' lang='lat' dir='ltr'><strong>BEd.</strong></span> <span class='ocrx_word' id='word_1_505' title='bbox 1185 5332 1265 5397; x_wconf 79' lang='lat' dir='ltr'><strong>Quod</strong></span> <span class='ocrx_word' id='word_1_506' title='bbox 1282 5329 1443 5385; x_wconf 87' lang='lat' dir='ltr'><strong>coniectura</strong></span> <span class='ocrx_word' id='word_1_507' title='bbox 1460 5328 1671 5383; x_wconf 87' lang='lat' dir='ltr'><strong>emendavimus.</strong></span> <span class='ocrx_word' id='word_1_508' title='bbox 1691 5360 1721 5369; x_wconf 96' lang='lat'>-</span> <span class='ocrx_word' id='word_1_509' title='bbox 1739 5333 1768 5399; x_wconf 89' lang='lat' dir='ltr'><strong>g)</strong></span> <span class='ocrx_word' id='word_1_510' title='bbox 1788 5328 1854 5385; x_wconf 90' lang='lat' dir='ltr'><strong>Voc.</strong></span> <span class='ocrx_word' id='word_1_511' title='bbox 1874 5329 1918 5382; x_wconf 84' lang='lat' dir='ltr'><strong>acl</strong></span> <span class='ocrx_word' id='word_1_512' title='bbox 1933 5328 2013 5399; x_wconf 79' lang='lat' dir='ltr'><strong>lupos</strong></span> <span class='ocrx_word' id='word_1_513' title='bbox 2030 5346 2082 5383; x_wconf 89' lang='lat' dir='ltr'><strong>om.</strong></span> <span class='ocrx_word' id='word_1_514' title='bbox 2102 5328 2151 5384; x_wconf 89' lang='lat' dir='ltr'><strong>Ed.</strong></span> 
     </span>
    </p>
   </div>
   <div class='ocr_carea' id='block_1_4' title="bbox 603 5481 2270 6057">
    <p class='ocr_par' dir='ltr' id='par_1_22' title="bbox 667 5481 2270 5663">
     <span class='ocr_line' id='line_1_42' title="bbox 667 5481 2270 5563; baseline -0.003 -18"><span class='ocrx_word' id='word_1_515' title='bbox 667 5491 735 5557; x_wconf 84' lang='grc'>164)</span> <span class='ocrx_word' id='word_1_516' title='bbox 760 5486 881 5561; x_wconf 73' lang='lat' dir='ltr'><strong>Philam]</strong></span> <span class='ocrx_word' id='word_1_517' title='bbox 902 5485 999 5543; x_wconf 89' lang='lat' dir='ltr'><strong>Locus</strong></span> <span class='ocrx_word' id='word_1_518' title='bbox 1020 5486 1144 5562; x_wconf 85' lang='lat' dir='ltr'><strong>ignotus.</strong></span> <span class='ocrx_word' id='word_1_519' title='bbox 1524 5486 1590 5555; x_wconf 89' lang='grc'>168)</span> <span class='ocrx_word' id='word_1_520' title='bbox 1613 5482 1825 5558; x_wconf 80' lang='lat' dir='ltr'><strong>denominatur]</strong></span> <span class='ocrx_word' id='word_1_521' title='bbox 1855 5502 1873 5541; x_wconf 87' lang='lat' dir='ltr'><strong>a</strong></span> <span class='ocrx_word' id='word_1_522' title='bbox 1898 5482 2043 5544; x_wconf 82' lang='lat' dir='ltr'><strong>veteribus</strong></span> <span class='ocrx_word' id='word_1_523' title='bbox 2073 5481 2270 5563; x_wconf 85' lang='lat' dir='ltr'><strong>Calycadnus,</strong></span> 
     </span>
     <span class='ocr_line' id='line_1_43' title="bbox 670 5580 1946 5663; baseline -0.004 -17"><span class='ocrx_word' id='word_1_524' title='bbox 670 5586 738 5657; x_wconf 85' lang='grc'>165)</span> <span class='ocrx_word' id='word_1_525' title='bbox 757 5595 877 5642; x_wconf 74' lang='lat' dir='ltr'><strong>tuentem</strong></span> <span class='ocrx_word' id='word_1_526' title='bbox 909 5587 944 5642; x_wconf 90' lang='lat' dir='ltr'><strong>de</strong></span> <span class='ocrx_word' id='word_1_527' title='bbox 971 5584 1132 5659; x_wconf 69' lang='lat' dir='ltr'><strong>attentaris]</strong></span> <span class='ocrx_word' id='word_1_528' title='bbox 1160 5584 1313 5663; x_wconf 88' lang='lat' dir='ltr'><strong>Nusquam</strong></span> <span class='ocrx_word' id='word_1_529' title='bbox 1341 5602 1417 5643; x_wconf 91' lang='lat' dir='ltr'><strong>com·</strong></span> <span class='ocrx_word' id='word_1_530' title='bbox 1458 5604 1476 5643; x_wconf 89' lang='lat' dir='ltr'><strong>a</strong></span> <span class='ocrx_word' id='word_1_531' title='bbox 1498 5582 1604 5641; x_wconf 81' lang='lat' dir='ltr'><strong>Turris</strong></span> <span class='ocrx_word' id='word_1_532' title='bbox 1622 5580 1689 5641; x_wconf 82' lang='lat' dir='ltr'><strong>Gok</strong></span> <span class='ocrx_word' id='word_1_533' title='bbox 1712 5580 1752 5639; x_wconf 87' lang='lat' dir='ltr'><strong>Su</strong></span> <span class='ocrx_word' id='word_1_534' title='bbox 1774 5582 1946 5641; x_wconf 85' lang='lat' dir='ltr'><strong>nominatur.</strong></span> 
     </span>
    </p>

    <p class='ocr_par' dir='ltr' id='par_1_23' title="bbox 603 5680 2269 5861">
     <span class='ocr_line' id='line_1_44' title="bbox 603 5680 2269 5761; baseline -0.002 -19"><span class='ocrx_word' id='word_1_535' title='bbox 603 5692 787 5742; x_wconf 86' lang='lat' dir='ltr'><strong>memoratur.</strong></span> <span class='ocrx_word' id='word_1_536' title='bbox 1523 5686 1592 5755; x_wconf 91' lang='grc'>169)</span> <span class='ocrx_word' id='word_1_537' title='bbox 1615 5700 1668 5757; x_wconf 84' lang='lat' dir='ltr'><strong>que</strong></span> <span class='ocrx_word' id='word_1_538' title='bbox 1690 5712 1730 5723; x_wconf 93' lang='lat'><em>-</em></span> <span class='ocrx_word' id='word_1_539' title='bbox 1748 5681 1859 5759; x_wconf 81' lang='lat' dir='ltr'><strong>potius]</strong></span> <span class='ocrx_word' id='word_1_540' title='bbox 1895 5682 1991 5741; x_wconf 87' lang='lat' dir='ltr'><strong>Locus</strong></span> <span class='ocrx_word' id='word_1_541' title='bbox 2021 5690 2190 5761; x_wconf 86' lang='lat' dir='ltr'><strong>corruptus,</strong></span> <span class='ocrx_word' id='word_1_542' title='bbox 2218 5680 2269 5740; x_wconf 89' lang='lat' dir='ltr'><strong>aed</strong></span> 
     </span>
     <span class='ocr_line' id='line_1_45' title="bbox 668 5778 2133 5861; baseline -0.003 -18"><span class='ocrx_word' id='word_1_543' title='bbox 668 5784 737 5855; x_wconf 88' lang='grc'>166)</span> <span class='ocrx_word' id='word_1_544' title='bbox 763 5793 790 5838; x_wconf 87' lang='lat' dir='ltr'><strong>et</strong></span> <span class='ocrx_word' id='word_1_545' title='bbox 817 5800 907 5856; x_wconf 83' lang='lat' dir='ltr'><strong>super</strong></span> <span class='ocrx_word' id='word_1_546' title='bbox 931 5781 970 5856; x_wconf 80' lang='lat' dir='ltr'><strong>ae]</strong></span> <span class='ocrx_word' id='word_1_547' title='bbox 999 5790 1028 5840; x_wconf 89' lang='lat' dir='ltr'><strong>ot</strong></span> <span class='ocrx_word' id='word_1_548' title='bbox 1055 5801 1142 5861; x_wconf 90' lang='lat' dir='ltr'><strong>super</strong></span> <span class='ocrx_word' id='word_1_549' title='bbox 1169 5802 1234 5841; x_wconf 86' lang='lat' dir='ltr'><strong>eam</strong></span> <span class='ocrx_word' id='word_1_550' title='bbox 1261 5784 1416 5855; x_wconf 71' lang='lat' dir='ltr'><strong>(mensam)</strong></span> <span class='ocrx_word' id='word_1_551' title='bbox 1458 5780 1494 5841; x_wconf 87' lang='lat' dir='ltr'><strong>cf.</strong></span> <span class='ocrx_word' id='word_1_552' title='bbox 1516 5778 1632 5839; x_wconf 88' lang='lat' dir='ltr'><strong>Aethiei</strong></span> <span class='ocrx_word' id='word_1_553' title='bbox 1653 5800 1793 5857; x_wconf 85' lang='lat' dir='ltr'><strong>cosmogr.</strong></span> <span class='ocrx_word' id='word_1_554' title='bbox 1817 5780 1861 5843; x_wconf 90' lang='lat' dir='ltr'><strong>ed.</strong></span> <span class='ocrx_word' id='word_1_555' title='bbox 1883 5780 2010 5841; x_wconf 89' lang='lat' dir='ltr'><strong>Gronov.</strong></span> <span class='ocrx_word' id='word_1_556' title='bbox 2032 5800 2061 5858; x_wconf 91' lang='lat' dir='ltr'><strong>p.</strong></span> <span class='ocrx_word' id='word_1_557' title='bbox 2085 5782 2133 5839; x_wconf 82' lang='lat' dir='ltr'><strong>ta.</strong></span> 
     </span>
    </p>

    <p class='ocr_par' dir='ltr' id='par_1_24' title="bbox 603 5877 2268 6057">
     <span class='ocr_line' id='line_1_46' title="bbox 603 5877 2268 5959; baseline -0.002 -19"><span class='ocrx_word' id='word_1_558' title='bbox 603 5902 661 5940; x_wconf 91' lang='lat' dir='ltr'><strong>non</strong></span> <span class='ocrx_word' id='word_1_559' title='bbox 685 5881 778 5941; x_wconf 92' lang='lat' dir='ltr'><strong>solum</strong></span> <span class='ocrx_word' id='word_1_560' title='bbox 797 5881 827 5938; x_wconf 95' lang='lat' dir='ltr'><strong>in</strong></span> <span class='ocrx_word' id='word_1_561' title='bbox 849 5882 866 5940; x_wconf 91' lang='lat' dir='ltr'><strong>i.</strong></span> <span class='ocrx_word' id='word_1_562' title='bbox 888 5900 913 5940; x_wconf 89' lang='lat' dir='ltr'><strong>e.</strong></span> <span class='ocrx_word' id='word_1_563' title='bbox 935 5882 1010 5939; x_wconf 88' lang='lat' dir='ltr'><strong>intra</strong></span> <span class='ocrx_word' id='word_1_564' title='bbox 1029 5899 1104 5940; x_wconf 89' lang='lat' dir='ltr'><strong>eam.</strong></span> <span class='ocrx_word' id='word_1_565' title='bbox 1523 5883 1591 5951; x_wconf 88' lang='grc'>170)</span> <span class='ocrx_word' id='word_1_566' title='bbox 1614 5880 1814 5955; x_wconf 68' lang='lat' dir='ltr'><strong>expedientiae]</strong></span> <span class='ocrx_word' id='word_1_567' title='bbox 1846 5881 1892 5941; x_wconf 90' lang='lat' dir='ltr'><strong>De</strong></span> <span class='ocrx_word' id='word_1_568' title='bbox 1913 5878 2036 5947; x_wconf 77' lang='lat' dir='ltr'><strong>Latinis.</strong></span> <span class='ocrx_word' id='word_1_569' title='bbox 2064 5877 2142 5959; x_wconf 88' lang='lat' dir='ltr'><strong>quod</strong></span> <span class='ocrx_word' id='word_1_570' title='bbox 2165 5880 2268 5949; x_wconf 86' lang='lat' dir='ltr'><strong>sciam,</strong></span> 
     </span>
     <span class='ocr_line' id='line_1_47' title="bbox 667 5974 1714 6057; baseline -0.004 -18"><span class='ocrx_word' id='word_1_571' title='bbox 667 5984 736 6054; x_wconf 87' lang='grc'>167)</span> <span class='ocrx_word' id='word_1_572' title='bbox 761 5978 848 6054; x_wconf 84' lang='lat' dir='ltr'><strong>Cure]</strong></span> <span class='ocrx_word' id='word_1_573' title='bbox 870 5988 929 6038; x_wconf 91' lang='lat' dir='ltr'><strong>ant.</strong></span> <span class='ocrx_word' id='word_1_574' title='bbox 950 5977 1089 6057; x_wconf 79' lang='lat' dir='ltr'><strong>Corycus,</strong></span> <span class='ocrx_word' id='word_1_575' title='bbox 1109 5998 1167 6038; x_wconf 88' lang='lat' dir='ltr'><strong>rec.</strong></span> <span class='ocrx_word' id='word_1_576' title='bbox 1188 5978 1304 6037; x_wconf 79' lang='lat' dir='ltr'><strong>Kurlru.</strong></span> <span class='ocrx_word' id='word_1_577' title='bbox 1457 6000 1513 6037; x_wconf 89' lang='lat' dir='ltr'><strong>non</strong></span> <span class='ocrx_word' id='word_1_578' title='bbox 1536 5974 1714 6055; x_wconf 87' lang='lat' dir='ltr'><strong>expedimur.</strong></span> 
     </span>
    </p>
   </div>
   <div class='ocr_carea' id='block_1_5' title="bbox 0 0 2646 7042">
    <p class='ocr_par' dir='ltr' id='par_1_25' title="bbox 0 0 2646 7042">
     <span class='ocr_line' id='line_1_48' title="bbox 0 0 2646 7042; baseline 0 5"><span class='ocrx_word' id='word_1_579' title='bbox 0 0 2646 7042; x_wconf 95' lang='lat' dir='ltr'><strong> </strong></span> 
     </span>
    </p>
   </div>
  </div>
 </body>
</html>
