5284 7042
1426 628 1465 691 32

604 804 686 870 illud
700 805 770 880 ¹²¹):
795 807 999 886 Conpreyatue
1022 811 1179 872 uniamus
1200 813 1302 870 Israel
1323 831 1343 869 a
1358 812 1431 869 Dua
1452 829 1543 888 aeque
1564 811 1720 870 Bersabee.
1763 805 1824 872 Est
1846 807 1931 872 enim
1952 807 2045 882 hec⁸)
2067 806 2185 872 citutaa
2205 828 2281 871 con·

605 930 656 986 tra
676 922 925 1006 septentrionem
948 923 1103 987 terminus
1124 931 1209 987 terre
1230 896 1356 1003 sancte,
1383 921 1547 988 Bersabee
1570 944 1646 988 uero
1669 933 1782 990 contm
1802 934 1966 1004 austrum,
1998 920 2176 986 secundnm
2197 920 2278 986 illud

604 1035 728 1120 Regum
736 1039 760 1114 l)
776 1037 846 1112 ¹²²):
874 1040 1079 1099 UeaitHelias
1101 1043 1131 1100 ia
1147 1043 1294 1100 Bersabee
1308 1043 1397 1101 Iuda.
1430 1037 1473 1102 Et
1493 1037 1580 1102 infra
1594 1038 1667 1115 ¹²³):
1689 1045 1730 1102 Et
1750 1041 1824 1101 abiit
1844 1043 1876 1100 ia
1897 1044 2052 1100 desertam.
2087 1037 2185 1118 Quod
2206 1037 2278 1101 aba·

604 1173 667 1238 que
690 1150 789 1216 dubio
812 1151 936 1216 ciuitati
956 1150 1002 1216 illi
1023 1165 1071 1218 est
1088 1153 1275 1240 contiguum
1290 1151 1374 1230 1231’).
1404 1153 1449 1216 Εῖ
1462 1177 1548 1218 nunc
1567 1157 1669 1216 thlia
1682 1155 1736 1231 121)
1759 1152 1952 1240 appellatur.
1984 1152 2157 1241 Philippus
2169 1165 2278 1218 autam

604 1289 678 1332 oum
706 1278 792 1332 esset
821 1267 984 1332 tetrarcha
1007 1269 1128 1334 Yturee
1157 1279 1188 1334 et
1209 1267 1429 1333 Traoonitidis
1450 1269 1608 1354 regionis,
1635 1271 1731 1334 istam
1764 1271 1928 1335 ciuitatem
1948 1267 2081 1334 Belinas
2107 1271 2176 1335 siue
2200 1268 2278 1335 Dan

603 1406 663 1449 sno
683 1383 814 1448 nomine
839 1386 998 1448 &auream
1019 1389 1154 1466 Philippi
1175 1385 1275 1450 uoluit
1296 1386 1466 1450 nominari.
1507 1385 1537 1450 A
1559 1383 1674 1450 Grecis
1704 1397 1812 1450 autem
1830 1390 1952 1448 Paneas
1973 1383 2167 1474 appellatur.
2208 1385 2277 1450 Sed

603 1497 699 1564 hodie
720 1499 827 1566 omnia
850 1499 980 1564 nomina
1002 1499 1060 1564 hec
1085 1510 1307 1580 cessauerant,
1331 1509 1363 1564 ct
1384 1501 1595 1566 communiter
1615 1506 1740 1564 Beliaus
1761 1499 1955 1587 appellatur.

569 1645 585 1693 5
728 1613 833 1701 Super
855 1614 938 1679 hanc
960 1617 1125 1680 ciuitatem
1144 1615 1218 1680 hinc
1236 1615 1312 1680 inde
1326 1618 1472 1680 oriuntur
1487 1614 1550 1682 duo
1563 1617 1667 1680 fontes
1681 1616 1755 1694 ¹²⁵):
1777 1622 1832 1678 lor
1846 1625 1877 1679 θῖ
1890 1622 1973 1692 Dua,
1994 1626 2027 1680 et
2042 1617 2076 1680 in
2090 1615 2175 1703 pede
2188 1638 2278 1682 mon·

604 1732 646 1794 tis
669 1729 796 1795 Libani.
840 1730 903 1810 Qui
927 1741 1001 1795 ante
1023 1743 1150 1818 portem
1174 1732 1316 1796 ciuitatis
1339 1732 1564 1797 conuenientes
1584 1734 1618 1798 in
1640 1754 1739 1797 uuum
1754 1731 1928 1798 Iordanem
1948 1730 2083 1797 fluidum
2104 1731 2256 1796 efficiunt

570 1877 587 1928 0
728 1845 813 1910 Nota
841 1855 966 1927 tamen,
997 1845 1082 1934 quod
1108 1849 1142 1912 in
1168 1849 1216 1912 rei
1246 1849 1383 1912 ueritate
1411 1849 1472 1912 istc
1493 1869 1560 1911 non
1581 1858 1630 1912 θεῖ
1651 1870 1748 1912 uerus
1769 1858 1858 1912 ortus
1880 1846 2039 1911 Iordanis.
2081 1845 2172 1912 Dicit
2192 1849 2276 1910 cuim

603 1961 761 2048 Iosephus
775 1963 846 2043 ¹²⁶),
873 1973 904 2026 et
925 1985 1036 2026 uerum
1059 1974 1121 2044 est,
1151 1962 1236 2049 quod
1266 1959 1307 2027 ab
1329 1965 1393 2028 isto
1420 1963 1491 2029 loco
1510 1974 1622 2027 contra
1641 1974 1784 2028 austrum
1806 1964 1874 2027 fere
1896 1963 1922 2028 C
1944 1971 1977 2027 et
1998 1961 2064 2027 XX
2091 1961 2206 2027 stadiis
2229 1977 2278 2024 est

603 2076 694 2158 sous,
729 2077 784 2162 qui
813 2077 1026 2164 appellatum)
1049 2082 1158 2140 Phiala
1173 2079 1247 2161 ¹²⁷),
1276 2101 1404 2165 semper
1425 2079 1541 2168 plenus
1563 2091 1594 2144 et
1615 2100 1779 2165 nunquam
1801 2078 1950 2159 effluens,
1981 2077 2039 2142 sed
2068 2075 2277 2144 subterraneo

604 2203 712 2258 meatu
734 2215 835 2280 usque
857 2193 899 2257 ad
920 2191 1026 2257 locum
1047 2193 1143 2257 istum
1166 2193 1237 2257 fluit
1260 2203 1291 2258 ot
1305 2194 1408 2258 effluit
1426 2193 1482 2277 ibi,
1505 2205 1536 2260 et
1553 2200 1625 2256 Dan
1642 2205 1783 2259 uocatur.
1820 2193 1916 2274 Quod
1930 2217 1990 2281 per
2004 2192 2118 2281 paleas
2133 2193 2275 2258 inPhia·

603 2307 669 2374 lam
690 2311 806 2373 missas
828 2317 860 2372 et
879 2309 912 2372 in
932 2307 1019 2373 fonte
1034 2307 1110 2372 Dan
1131 2320 1279 2396 receptas
1302 2311 1412 2396 sepius
1435 2320 1484 2375 est
1505 2307 1683 2396 probatum.
1718 2309 1893 2375 Sarraceni
1914 2320 2021 2375 autem
2042 2309 2164 2374 fontem
2185 2305 2276 2374 illum

603 2447 668 2489 non
688 2423 853 2506 Phialam,
882 2423 939 2488 sed
962 2430 1074 2486 Medon
1091 2425 1144 2498 ¹²³)
1167 2436 1299 2506 uocant,
1328 2423 1437 2490 idest
1465 2449 1562 2506 aquas
1583 2430 1671 2502 Dan,
1700 2425 1793 2511 quasi
1820 2425 1945 2489 dicant:
1978 2425 2065 2507 „Iste
2095 2435 2172 2490 sunt
2192 2447 2276 2512 aque

603 2537 712 2604 Dan.“
754 2547 805 2602 Me
832 2543 917 2604 enim
947 2563 1028 2621 aqua
1059 2539 1190 2605 arabice
1217 2541 1344 2605 dicitur.
1385 2541 1463 2605 Dan
1494 2564 1572 2606 uero
1599 2541 1672 2606 fons
1703 2549 1752 2604 est
1779 2561 1862 2606 unus
1890 2539 1931 2605 de
1958 2539 2164 2627 supradictis.
2206 2539 2275 2605 Ma·

605 2656 697 2721 theus
710 2657 765 2734 ¹²⁹)
788 2679 866 2721 uero
887 2655 993 2721 locum
1014 2655 1105 2720 illum
1126 2663 1278 2736 Maqedun
1302 2655 1460 2743 appellat,
1486 2657 1617 2722 Marcus
1625 2656 1718 2734 ³)¹³⁰)
1742 2659 1957 2720 Dalmoaatlm.
2002 2655 2062 2720 Est
2083 2664 2191 2721 autem
2210 2679 2277 2723 non

603 2772 699 2858 longe
727 2795 746 2838 a
774 2775 865 2835 Sueto
880 2773 934 2850 ¹³¹)
964 2771 1110 2852 ciuitate,
1140 2773 1231 2836 iuxta
1258 2772 1452 2858 piramidem
1479 2771 1619 2858 sepulcri
1646 2771 1733 2837 beati
1761 2769 1888 2847 10b¹³⁷)
1916 2771 1950 2836 in
1978 2770 2199 2836 Traconitidis
2225 2796 2276 2836 re·

603 2889 778 2975 gione¹³³).
821 2886 872 2951 De
893 2887 953 2952 hoo
975 2897 1082 2950 autem
1104 2889 1189 2952 infra
1211 2887 1338 2974 plenius
1360 2887 1486 2952 dicetur
1499 2889 1564 2966 ¹³⁴).

728 3008 872 3067 [meionis
894 3017 1000 3068 antem
1021 3003 1153 3085 fluuius,
1180 3015 1215 3067 ut
1234 3003 1357 3068 dictum
1377 3017 1445 3086 est,
1471 3014 1547 3070 ante
1575 3015 1703 3092 portam
1737 3003 1878 3066 ciuitatis
1897 2999 2028 3066 Belinas
2048 3018 2276 3090 congregatus,

604 3121 646 3187 de
669 3121 794 3186 duobus
816 3119 880 3184 illis
899 3117 1042 3183 sontibus
1064 3131 1138 3206 post
1157 3118 1272 3204 longos
1296 3119 1464 3202 circuitus,
1493 3141 1574 3205 quos
1602 3120 1696 3201 facit,
1726 3117 1968 3183 Traconitidem
1999 3128 2030 3182 et
2051 3117 2208 3184 Ytuream
2225 3143 2276 3184 aa

605 3235 752 3323 parando
773 3235 904 3300 tandem
927 3235 1011 3298 inter
1034 3233 1264 3320 Capharnaum
1287 3249 1319 3299 et
1341 3235 1531 3301 Corrozaim
1553 3257 1643 3299 mare
1665 3232 1792 3300 Galilee
1819 3232 2018 3318 ingreditur,
2050 3246 2191 3321 quatuor
2209 3235 2277 3300 leu-

604 3355 651 3417 cis
673 3375 693 3416 a
717 3356 817 3414 t'edar
831 3351 886 3427 ¹³⁵)
910 3349 1049 3431 ciuitate,
1072 3357 1166 3436 ques)
1188 3362 1237 3416 est
1259 3374 1360 3437 snpra
1380 3352 1415 3414 in
1436 3364 1544 3416 monte
1567 3351 1637 3416 sita.

729 3464 837 3532 Medio
869 3479 976 3532 tamen
1004 3465 1075 3531 loeo
1104 3467 1188 3530 inter
1206 3465 1339 3531 Belinas
1369 3476 1400 3532 et
1426 3489 1516 3532 mare
1537 3465 1662 3531 Galilee
1689 3465 1851 3552 quandam
1885 3463 2002 3530 uallem
2029 3465 2212 3549 ingrediens
2241 3467 2276 3529 in

604 3595 755 3668 stagnum
785 3581 947 3667 colligitur
975 3591 1121 3668 tempore
1150 3580 1316 3648 solutionis
1343 3584 1466 3647 niniam
1494 3581 1534 3646 de
1556 3581 1694 3647 Libano.
1737 3579 1835 3660 Quod
1862 3591 2012 3666 stagnum
2039 3579 2158 3645 dicitur
2179 3579 2275 3646 hodie

604 3704 647 3760 od
666 3721 761 3778 aquas
783 3701 896 3758 Maron
911 3697 975 3774 136).
1018 3695 1084 3762 Ubi
1105 3697 1198 3762 losue
1221 3721 1292 3762 cum
1313 3697 1408 3763 Iabin
1427 3719 1505 3784 rege
1524 3696 1623 3778 Asor,
1656 3706 1688 3762 et
1708 3695 1781 3761 aliis
1803 3695 1937 3772 XXX‘)
1958 3694 2091 3780 regibus
2107 3696 2161 3773 1δῖ)
2182 3695 2275 3762 dimi·

604 3815 707 3894 carsit,
734 3823 765 3878 et
793 3815 896 3877 uictor
923 3813 1065 3878 existens
1095 3825 1283 3900 persecutus
1311 3825 1361 3880 est
1389 3837 1445 3879 eos
1475 3835 1576 3900 usque
1604 3811 1648 3876 ad
1669 3834 1770 3899 aquas
1792 3811 2034 3898 Maserephotsst
2056 3822 2088 3876 et
2109 3835 2211 3900 nsque
2232 3813 2276 3876 ad

671 3999 698 4066 a)
716 3997 767 4050 hoc
786 3995 885 4050 ciuitas
905 3993 945 4050 St.
965 4025 996 4035 -
1015 3994 1044 4066 b)
1062 3995 1129 4050 illud
1147 3991 1247 4066 quarti
1259 3995 1367 4066 Regum
1384 3994 1425 4052 St.
1446 4023 1477 4034 -
1497 3997 1523 4063 c)
1540 3994 1700 4066 appellatis
1720 4011 1772 4048 om.
1785 3991 1833 4061 St,
1851 3991 1935 4048 hahet
1953 3991 2024 4047 11.-
2042 3993 2072 4062 d)
2088 3993 2199 4048 Marcus
2210 4011 2275 4048 aero

736 4079 818 4134 dalm.
839 4079 876 4134 St.
904 4109 936 4117 -
958 4083 982 4152 θ)
1001 4082 1074 4146 meod
1089 4079 1129 4135 St
1148 4097 1198 4150 qaae
1215 4079 1241 4134 h.
1265 4111 1297 4120 —
1322 4079 1350 4148 f)
1367 4079 1434 4134 aliie
1451 4079 1556 4133 XXIV
1571 4079 1627 4146 St,
1654 4077 1702 4148 qui
1720 4075 1804 4130 etiarn
1821 4093 1880 4131 voc.
1896 4075 2017 4146 reptem,
2046 4075 2120 4147 quod
2138 4075 2222 4131 habet
2240 4077 2276 4140 h..

737 4163 844 4218 incuria
863 4162 963 4217 omisit.
982 4194 1014 4203 —
1032 4167 1062 4234 g)
1080 4165 1231 4234 Mameplto
1247 4162 1287 4218 St.

671 4341 739 4410 121)
763 4339 835 4394 Dan
863 4337 1022 4394 secandum
1050 4335 1133 4410 iliud]
1161 4335 1216 4394 Εεῖ
1244 4333 1358 4412 Regum
1385 4340 1420 4403 (a.
1530 4340 1596 4402 130)
1619 4333 1755 4407 Murcus]
1778 4331 1867 4392 VIII.
1892 4338 1938 4394 to.

604 4434 762 4507 Samuelis)
784 4434 823 4493 II.
845 4433 946 4494 XVII.
973 4440 1017 4495 11.
1527 4437 1594 4508 131)
1616 4433 1716 4507 Sueto]
1743 4430 1835 4503 Saite,
1859 4437 1895 4492 16
1916 4451 1954 4492 m.
1975 4453 2003 4512 p.
2026 4428 2194 4492 Tiberiade.
2230 4429 2277 4489 cf.

670 4537 739 4607 122)
769 4543 904 4592 austrum
939 4565 978 4576 -
1011 4533 1131 4608 Rapum]
1169 4532 1219 4591 III
1257 4535 1309 4608 (Ι)
1344 4532 1419 4610 Reg.
1462 4557 1490 4595 v.
1510 4533 1640 4592 Raumer
1660 4553 1688 4610 p.
1711 4535 1779 4592 225.

603 4633 693 4694 ΧΙΧ.
716 4637 743 4694 3.
767 4639 794 4692 1.
1527 4634 1596 4706 132)
1620 4630 1799 4706 piramidem
1827 4662 1866 4670 —
1890 4629 1951 4703 Iob]
1984 4626 2157 4708 Sepulcrum
2185 4626 2279 4685 Hiohi

669 4735 738 4806 123)
761 4733 801 4790 Et
825 4730 919 4806 iufra]
943 4751 970 4791 v.
994 4735 1021 4789 1.
1461 4751 1555 4813 prope
1583 4730 1762 4788 Damascum
1788 4726 1964 4803 ostenditur3
2004 4748 2031 4786 v.
2058 4726 2154 4786 Ritter
2181 4724 2279 4784 XVlI

672 4831 759 4904 tw)
786 4832 874 4896 Quod
901 4861 939 4872 --
968 4827 1141 4904 conlapsum]
1176 4829 1264 4894 Quod
1293 4828 1420 4888 referen·
1462 4835 1515 4903 (2).
1541 4833 1625 4890 1336.

605 4929 673 4989 dum
696 4939 740 4990 est
760 4929 800 4988 ad
818 4927 999 5009 praecedens
1021 4928 1177 4988 desertam.
1527 4932 1596 4999 133)
1626 4925 1828 4984 Traeoaitidia
1856 4925 1982 5002 reqioae]
2018 4925 2102 4999 Quae
2126 4943 2204 4982 nunc
2232 4931 2279 4980 cat

670 5032 738 5102 124)
759 5031 800 5087 Et
821 5047 901 5086 auae
922 5025 1024 5086 Giezin
1039 5025 1220 5102 appellatur]
1243 5026 1304 5086 scil.
1317 5026 1421 5085 Bersa-
1462 5024 1608 5086 Ledscha.
1636 5023 1697 5085 Sed
1718 5048 1746 5084 r.
1768 5024 1906 5084 Catulum
1928 5023 2087 5083 aRanmer
2103 5023 2167 5082 Pal.
2189 5043 2220 5101 p.
2239 5025 2273 5080 61

604 5126 669 5186 bae.
703 5125 763 5186 Sed
784 5135 867 5198 errat,
889 5125 1023 5206 quamvis
1041 5145 1100 5182 nou
1115 5125 1204 5196 solus,
1225 5123 1420 5185 Barchardus.
1463 5135 1532 5187 nota
1556 5129 1621 5186 196.

606 5223 653 5286 Cf.
665 5225 703 5286 T.
713 5225 826 5284 Tobler
838 5230 864 5286 3.
878 5223 1074 5301 Wanderuag
1089 5244 1116 5303 p.
1129 5229 1194 5283 147.
1207 5229 1265 5284 166
1282 5233 1341 5283 not.
1353 5228 1419 5285 389.
1529 5228 1598 5296 131)
1620 5225 1706 5296 infru
1724 5221 1844 5298 plenius
1866 5222 1989 5298 dicetur]
2012 5220 2049 5281 V.
2073 5226 2118 5281 13.
2143 5225 2188 5281 ll.

671 5328 740 5400 125)
763 5327 820 5384 duo
835 5323 948 5399 sontes}
978 5321 1023 5384 cf.
1046 5321 1126 5400 Mag.
1149 5320 1312 5382 'Phietmari
1333 5322 1419 5382 Para·
1529 5327 1597 5397 135)
1623 5321 1729 5396 Gedur]
1758 5319 1826 5381 Vid.
1853 5342 1881 5382 v.
1909 5321 2038 5380 Ranmer
2064 5318 2129 5380 Pal.
2157 5339 2184 5398 p.
2207 5321 2277 5388 tta,

604 5424 798 5500 grinationem
822 5441 844 5481 c.
865 5425 924 5482 III.
948 5427 965 5482 2
986 5443 1016 5502 p.
1039 5426 1056 5482 8
1079 5419 1214 5480 editionis
1236 5429 1361 5479 nostrae.
1462 5423 1512 5503 qui
1539 5422 1638 5479 ruinas
1666 5439 1758 5500 prope
1779 5419 1884 5480 Birhat
1903 5419 2023 5480 erRam
2049 5419 2178 5478 iacentes
2205 5417 2280 5474 anti-

670 5523 739 5594 126)
760 5521 911 5597 loseplms]
935 5521 968 5579 B.
989 5519 1020 5581 J.
1043 5521 1102 5581 IH.
1130 5524 1173 5592 10,
1196 5525 1222 5579 7.
1463 5539 1550 5601 quam
1572 5518 1671 5578 Cedat
1690 5539 1755 5578 esse
1777 5519 1902 5580 coniicit.

671 5622 739 5694 127)
760 5620 880 5696 Patala]
910 5619 997 5680 Nunc
1025 5616 1295 5678 Baistor-Ram.
1344 5616 1421 5677 Vide
1525 5622 1594 5691 136)
1616 5619 1658 5676 ud
1677 5637 1774 5693 equus
1794 5619 1917 5693 Maron]
1939 5617 2037 5676 Lacus
2050 5615 2164 5675 hierom
2184 5633 2208 5672 ε.
2225 5610 2279 5670 Sa·

606 5739 663 5778 van
686 5717 723 5778 de
746 5715 844 5776 Veldii
865 5717 996 5776 tabulam
1016 5737 1116 5796 geogr.
1138 5726 1206 5777 sect.
1227 5723 1253 5776 4.
1462 5717 1636 5778 mochonitis
1657 5735 1735 5776 nunc
1758 5726 1803 5776 θεῖ
1824 5715 1974 5776 el-Holeh.

672 5821 740 5893 128)
761 5816 883 5892 Medon]
905 5816 941 5876 V.
964 5815 1058 5876 Ritter
1079 5814 1138 5874 XV
1160 5819 1212 5889 (2).
1240 5819 1326 5875 1019.
1530 5821 1597 5888 137)
1627 5817 1724 5875 m
1748 5814 1874 5891 rapidus]
1908 5813 2069 5873 Numerum
2102 5811 2280 5872 correximus

673 5917 740 5989 129)
763 5914 911 5990 Martem}
936 5914 1005 5974 XV.
1028 5919 1075 5976 39.
1464 5924 1619 5994 sequentes
1641 5914 1758 5974 Iosnam
1780 5913 1854 5971 XII.
1878 5917 1925 5972 21.
