5284 7042
1371 634 1428 693 150

535 832 545 879 1
690 806 772 894 (lap.
794 808 917 872 XVIII.
959 808 1079 873 Postea
1098 808 1133 871 in
1152 808 1208 873 ria
1228 808 1271 873 ad
1293 822 1435 875 montem
1457 811 1619 875 incessitur
1647 808 1786 874 ecclesie
1812 814 1910 870 sancti
1932 808 2246 889 tarantasmum),

532 940 629 1011 tque
650 931 699 989 est
718 922 956 989 Armeniorum.
999 922 1065 987 Vbi
1092 920 1169 987 olim
1196 926 1374 1011 repositum
1405 926 1465 993 fuit
1494 928 1563 991 eius
1592 946 1709 1011 corpus
1732 922 1865 989 allatum
1886 946 1946 1011 por
1972 944 2088 989 manus
2111 921 2246 1008 angelo-

568 1062 640 1103 rnm
660 1038 702 1103 de
721 1040 835 1125 Ioppe,
857 1038 915 1104 vbi
936 1041 997 1103 tuit
1018 1036 1205 1103 decollatus.

536 1189 544 1235 ι
691 1170 771 1257 Cap.
793 1170 885 1234 XIX.
927 1169 1093 1235 Inuenitur
1113 1171 1148 1235 in
1168 1181 1275 1235 monte
1296 1172 1387 1259 Syon
1415 1172 1552 1239 ecclesia
1573 1180 1671 1236 coacti
1691 1174 1936 1252 Solantur-iifl),
1959 1194 2020 1259 que
2042 1172 2102 1237 fuit
2125 1169 2244 1237 domus

534 1285 713 1373 tcayphe
734 1286 893 1373 principis
914 1284 1129 1350 sacerdotum.
1170 1285 1208 1351 In
1230 1310 1295 1373 qua
1315 1288 1476 1353 Dominus
1498 1290 1558 1353 fuit
1579 1298 1647 1354 tota
1678 1298 1772 1352 nocte
1794 1288 1938 1363 attritus,
1969 1298 2001 1352 et
2028 1298 2076 1352 est
2094 1286 2141 1351 ibi
2163 1308 2243 1373 para

533 1386 749 1503 {columpna
771 1401 812 1464 ad
836 1424 933 1488 quam
953 1400 1073 1486 ligatus
1094 1411 1172 1465 erat.
1214 1403 1340 1469 Ibidem
1362 1406 1463 1469 eciam
1486 1404 1601 1469 Petrus
1624 1402 1789 1469 Christum
1812 1412 1861 1467 ter
1882 1404 2021 1488 negauit.
2064 1402 2114 1467 Ibi
2138 1406 2241 1466 eciam

568 1540 681 1583 carcer
702 1526 787 1598 erat,
809 1518 842 1581 in
864 1539 959 1603 quem
980 1516 1071 1581 Indoi
1092 1532 1270 1603 posuerunt
1290 1518 1417 1585 Ihesum
1439 1532 1563 1585 etcum
1586 1518 1760 1584 seruabant
1781 1538 1882 1603 vsque
1904 1540 2008 1599 mane,
2031 1518 2161 1604 quando
2183 1522 2241 1582 nri·

535 1643 679 1708 5serunt
708 1655 780 1697 eum
801 1634 943 1697 vlnctum
973 1632 1016 1697 ad
1037 1633 1199 1719 Pylatum.
1239 1634 1290 1699 Ibi
1311 1637 1412 1699 eciam
1436 1648 1484 1701 ast
1505 1634 1589 1723 lapis
1611 1633 1745 1720 grandis
1774 1654 1872 1718 super
1895 1632 2012 1715 altare,
2045 1636 2100 1721 qui
2122 1632 2240 1699 dicitnr

535 1776 551 1826 a
568 1750 675 1836 primo
697 1748 821 1835 positus
834 1749 935 1813 fuisse
950 1770 1048 1833 super
1061 1760 1301 1815 monumentum
1318 1750 1506 1816 Saluatoris.
1545 1749 1686 1832 Quidam
1702 1747 1823 1831 dicunt,
1843 1748 1929 1835 quod
1944 1747 2178 1815 Corrosaimini
2188 1752 2240 1831 δὲ3),

569 1864 699 1951 quando
721 1874 876 1951 ceperunt
895 1863 1109 1947 Ihernsalem,
1131 1867 1296 1951 fregerunt
1319 1890 1409 1949 eum,
1432 1866 1598 1932 credentes
1620 1867 1765 1931 inuenire
1785 1864 1954 1931 thesamos
1977 1864 2185 1931 absconditos
2208 1867 2239 1931 in

569 1980 739 2067 sepulchro
760 1979 903 2045 Domini.

540 2132 548 2179 ι
695 2112 776 2197 Cap.
799 2112 874 2175 XX.
918 2110 1047 2176 Deinde
1067 2114 1131 2176 itur
1152 2112 1195 2177 ad
1217 2113 1340 2195 cellam,
1363 2116 1396 2179 in
1417 2136 1479 2201 qua
1502 2112 1596 2179 beata
1618 2115 1712 2199 virgo
1733 2112 1840 2177 Maria
1861 2110 2050 2178 morabatur
2065 2114 2164 2179 XIIII
2185 2136 2239 2177 an·

536 2230 622 2294 anis
644 2239 718 2315 post
737 2230 956 2293 ascensionem
971 2227 1113 2293 Domini.
1148 2229 1255 2315 Prope
1277 2252 1373 2316 qnam
1395 2240 1441 2295 est
1465 2228 1555 2306 cella,
1577 2231 1610 2295 in
1631 2252 1695 2317 qua
1717 2232 1791 2316 ipsa
1813 2228 2020 2315 migrauitde
2034 2229 2239 2295 boemundo.

539 2350 548 2393 I

536 2412 552 2462 2
695 2360 777 2444 Cap.
798 2359 889 2425 XXI.
932 2358 984 2423 Ibi
1011 2372 1060 2425 est
1087 2362 1189 2425 eciam
1218 2360 1356 2425 ecclesia
1378 2366 1475 2425 sancti
1497 2368 1641 2425 Iohannis
1662 2366 1855 2441 encopolistc.
1898 2358 1971 2441 Quc
2001 2360 2118 2425 dicitur
2138 2360 2239 2425 luisse

571 2478 678 2563 prima
701 2474 848 2557 ecclesia,
870 2478 905 2540 in
929 2498 992 2562 qua
1012 2478 1084 2563 ipse
1104 2480 1138 2542 in
1159 2487 1333 2563 conspectu
1353 2476 1447 2543 beate
1469 2480 1605 2563 virginis
1628 2478 1760 2541 missam
1780 2472 1966 2557 celebrauit,
1989 2477 2144 2561 quamdiu
2167 2479 2240 2563 ipsa

535 2597 552 2645 3
573 2593 665 2656 vixit
707 2590 823 2655 Adhuc
845 2604 893 2657 est
915 2590 960 2657 ibi
983 2592 1066 2679 lapis
1087 2594 1206 2658 rubeus
1218 2643 1227 2675 ‚
1250 2594 1304 2678 qui
1326 2616 1385 2681 pro
1405 2592 1500 2659 altari
1524 2603 1763 2679 transportatus
1784 2590 1844 2655 fuit
1866 2590 1905 2655 de
1927 2602 2033 2656 monte
2056 2590 2158 2679 Synai
2181 2614 2239 2679 per

571 2707 703 2794 angelos
724 2706 767 2771 ad
789 2729 901 2793 preces
925 2706 1012 2773 beati
1035 2707 1161 2774 Thume
1183 2709 1223 2773 de
1245 2710 1345 2775 Indea
1367 2714 1568 2775 reuertentis.

538 2859 549 2907 1
694 2839 776 2925 Cap.
796 2838 903 2904 XXII.
943 2839 1004 2903 Est
1031 2853 1138 2905 autem
1161 2840 1288 2929 capella
1314 2842 1347 2905 in
1369 2852 1476 2906 monte
1498 2840 1603 2927 Syon,
1635 2839 1691 2903 vbi
1711 2839 1870 2905 Dominus
1900 2842 2028 2905 cenauit
2049 2860 2121 2903 cnm
2144 2836 2239 2903 disci·

537 2953 655 3041 apulis
684 2958 749 3020 suis
780 2978 897 3042 corpus
930 2978 1022 3019 suum
1054 2959 1099 3020 eis
1129 2956 1253 3038 dando,
1287 2968 1318 3021 ct
1340 2956 1439 3043 pedes
1463 2978 1573 3021 eornm
1597 2955 1688 3020 lauit.
1725 2955 1775 3020 Ibi
1797 2956 1898 3020 eciam
1922 2956 2014 3019 iuxta
2036 2952 2167 3019 chorum
2191 2968 2240 3021 cst

571 3071 674 3152 locus,
702 3070 759 3135 rbi
780 3070 920 3157 apostoli
939 3083 1013 3157 post
1034 3074 1255 3137 ascensionem
1276 3072 1411 3137 Domini
1433 3070 1595 3157 usquead
1618 3070 1703 3137 diem
1724 3071 1944 3159 penthecostis
1965 3094 2037 3136 cum
2059 3072 2186 3135 ieiuniis
2208 3083 2237 3135 et

537 3187 778 3253 ⁸&oracionibus
801 3188 994 3275 promissum
1012 3187 1170 3273 Spiritum
1186 3189 1339 3251 Sanctum
1363 3198 1588 3273 exspectantes
1611 3198 1866 3273 permanserunt.
1902 3184 1963 3251 Est
1982 3186 2027 3251 ibi
2044 3185 2237 3268 aliuslocue‚

571 3305 628 3367 vbi
650 3302 789 3390 apostoli
811 3302 976 3388 elegerunt
997 3302 1129 3368 beatum
1150 3304 1307 3368 hlatbiam
1331 3306 1363 3367 in
1386 3303 1567 3391 apostolum
1590 3304 1659 3369 loco
1680 3302 1761 3367 Inde
1783 3302 1974 3389 proditoris,
2006 3314 2037 3367 et
2059 3302 2161 3383 locus,
2184 3302 2238 3368 vbi

539 3417 739 3504 selegerunt
761 3430 884 3505 septem
904 3418 1078 3505 dyaconus.
1119 3419 1233 3506 Ibique
1253 3424 1346 3485 iuxta
1370 3430 1418 3483 est
1440 3418 1522 3484 alius
1542 3419 1641 3502 locus,
1661 3417 1716 3483 vbi
1739 3418 1879 3505 apostoli
1901 3418 2065 3503 elegerunt
2087 3418 2237 3485 Iacobum

539 3544 554 3591 5
572 3536 729 3599 minorem
748 3536 781 3599 in
803 3536 941 3621 primum
963 3536 1150 3621 episcopum
1174 3535 1473 3600 lerosolimitanum.
1515 3536 1638 3601 Ibidem
1661 3546 1709 3599 est
1730 3534 1795 3599 alia
1818 3533 1945 3621 capella
1968 3532 2120 3599 desubtus
2132 3536 2184 3616 Μ),
2205 3536 2238 3597 in
2326 3580 2329 3583 -

539 3666 636 3735 oqna
657 3650 818 3715 Dominus
840 3650 1010 3737 discipulis
1033 3654 1098 3715 suis
1121 3652 1273 3737 apparuit
1294 3651 1401 3715 ianuis
1425 3651 1543 3717 clausis
1566 3664 1598 3717 et
1618 3649 1752 3715 Thonis.
1795 3648 1854 3715 Est
1883 3650 1982 3715 eciam
2012 3648 2136 3713 ibices
2159 3648 2238 3735 lupi·

573 3766 678 3844 deum,
701 3766 788 3851 quod
809 3766 927 3831 dicitur
949 3766 1063 3853 peluis,
1085 3770 1119 3831 in
1139 3790 1235 3851 cluam
1258 3768 1418 3833 Dominus
1439 3769 1527 3833 misit
1549 3788 1676 3856 aquam,
1699 3766 1827 3853 quaudo
1847 3764 1926 3829 lauit
1946 3764 2043 3851 podes
2067 3762 2239 3850 discipulo·

537 3852 651 3969 grum.
693 3882 737 3947 Et
761 3884 854 3947 iuxta
883 3894 932 3947 est
959 3882 1139 3969 sepulcrum
1162 3882 1273 3947 Dauid
1301 3884 1388 3968 regis
1412 3894 1442 3947 et
1462 3882 1519 3948 filii
1543 3886 1611 3948 eius
1634 3880 1824 3947 Salamonis.
1866 3880 1916 3945 Ibi
1938 3882 2039 3945 eciam
2061 3902 2123 3945 non
2144 3880 2240 3966 longe

572 4008 621 4063 est
642 3998 824 4085 sepulcrum
845 3996 932 4063 beati
953 3997 1111 4085 Stephani
1133 3999 1409 4086 prothomartiris,
1438 3998 1492 4063 vbi
1524 4006 1596 4085 post
1625 3999 1849 4062 Inuencionem
1877 3996 2016 4082 positum
2037 3997 2098 4061 fuit
2119 4018 2239 4083 corpus

537 4118 650 4195 seius,
673 4113 729 4179 sed
754 4114 849 4179 modo
870 4114 971 4179 Rome
993 4137 1066 4179 cum
1088 4114 1185 4180 beato
1199 4114 1382 4179 Laurencio
1405 4137 1468 4180 vno
1490 4114 1611 4201 gaudet
1632 4112 1897 4200 sarcophago—
1919 4112 1957 4177 In
1979 4112 2135 4179 descensu
2153 4136 2240 4177 mon-

571 4232 611 4295 tis
634 4231 725 4317 Syon
752 4242 801 4295 est
828 4229 933 4311 locus,
962 4229 1018 4293 vbi
1051 4230 1189 4317 apostoli
1217 4230 1378 4296 dominam
1408 4242 1551 4295 nostram
1580 4238 1747 4318 portantes
1775 4228 1816 4293 ad
1844 4227 2061 4314 sepeliendum
2095 4230 2128 4292 in
2156 4228 2240 4293 valle

522 4364 552 4413 10
570 4346 726 4433 Iosaphat
753 4344 826 4427 [vbi]
850 4346 1069 4433 deposuerunt
1090 4347 1243 4409 feretrum
1265 4348 1344 4411 eius.
1389 4346 1484 4427 Quod
1517 4346 1683 4411 audientes
1705 4344 1810 4427 ludei,
1843 4342 2025 4408 habitantes
2047 4344 2092 4409 ibi
2113 4346 2147 4410 iu
2167 4346 2239 4409 vico

523 4481 549 4529 ιι
570 4485 688 4550 prope,
718 4472 928 4527 cucurrerunt
948 4462 992 4527 ad
1012 4462 1134 4543 locum,
1169 4472 1203 4525 vt
1223 4474 1376 4548 raperent
1398 4486 1514 4549 corpus
1536 4464 1603 4527 eius
1625 4462 1667 4527 ad
1688 4459 1939 4527 conburendum.
1980 4459 2073 4525 Tunc
2094 4462 2239 4547 pontil'ex

523 4598 553 4647 12
572 4579 689 4643 ceteris
719 4578 874 4643 audacior
902 4581 992 4643 misit
1017 4600 1133 4641 manns
1163 4577 1206 4642 ad
1232 4579 1402 4661 feretrum,
1437 4600 1497 4666 que
1526 4580 1634 4643 statim
1663 4588 1826 4643 aruerunt.
1871 4577 1933 4643 Cui
1959 4578 2088 4661 roganti
2109 4576 2239 4642 beatum

574 4694 723 4775 Petrum,
744 4705 780 4758 vt
801 4718 861 4781 pro
883 4716 918 4760 se
939 4704 1062 4775 oraret,
1083 4695 1153 4779 ipse
1174 4694 1344 4780 respoudit
1365 4694 1492 4761 dicens:
1522 4699 1556 4756 Si
1577 4700 1686 4769 credis,
1719 4699 1866 4775 paedico
1888 4706 1931 4755 est
1951 4705 2047 4754 crater
2070 4694 2194 4767 Christi,
2214 4705 2241 4754 et

526 4814 724 4889 rebaptizari
744 4817 892 4885 volam,
921 4814 1046 4889 recipies
1068 4812 1234 4873 sanitatem.
1276 4810 1342 4891 Qui
1365 4810 1515 4875 credidit:
1546 4810 1654 4875 statim
1676 4810 1841 4875 restitutus
1864 4818 1914 4875 est
1941 4808 2076 4894 pristine
2099 4810 2240 4873 sanitati.

524 4938 555 4986 14
573 4926 635 4991 Ilst
661 4928 763 4991 eciam
792 4926 838 4991 ibi
868 4925 1004 4990 ecclesia
1026 4948 1046 4989 a
1066 4924 1150 5010 wlgo
1173 4924 1261 4990 dicta
1286 4930 1371 4989 Galli
1392 4939 1515 5001 cantus,
1548 4926 1603 4990 vbi
1630 4924 1743 4991 beatus
1766 4924 1882 4990 Petrus
1905 4927 1938 4989 in
1958 4946 2058 4989 cauea
2080 4922 2241 5010 profunda

573 5044 730 5129 penitens,
752 5042 838 5129 quod
860 5050 1037 5127 negauerat
1057 5040 1231 5124 Christum,
1252 5022 1343 5107 fleuit
1364 5064 1482 5107 amare.

697 5174 777 5261 Cap.
799 5174 923 5239 XXIII.
966 5173 1094 5238 Deinde
1121 5176 1184 5237 itur
1213 5174 1256 5237 ad
1286 5196 1399 5259 agrum
1422 5178 1652 5251 Acheldemach,
1685 5184 1827 5261 emptum
1857 5196 1915 5259 pro
1936 5170 2037 5236 XXX
2068 5173 2239 5257 argenteis,

573 5289 690 5377 quibus
714 5290 861 5357 Christus
883 5290 1032 5355 venditus
1053 5290 1121 5356 suit.

542 5411 553 5460 ¹
699 5406 779 5493 Cap.
803 5405 927 5471 XXIV.
970 5404 1098 5470 Deinde
1120 5408 1183 5470 itur
1206 5405 1249 5470 ad
1268 5407 1388 5470 fontem
1411 5410 1505 5485 Syloe,
1528 5405 1584 5469 rbi
1606 5404 1755 5471 Christus
1778 5404 1969 5469 illuminauit
1992 5426 2100 5468 cecum
2121 5414 2240 5467 uatum.

634 5596 684 5665 53)
707 5590 743 5650 V.
767 5591 879 5651 Tobler
903 5591 1113 5672 Topographie
1141 5612 1200 5651 von
1220 5592 1387 5651 Jerusalem
1429 5590 1551 5651 Wilken
1572 5590 1678 5651 Gesch.
1706 5590 1758 5651 der
1779 5592 1958 5669 Kreunzttge
1977 5590 2030 5649 VI.
2059 5594 2241 5658 ooo—645.

572 5696 597 5754 Ι.
619 5696 678 5754 439
701 5711 740 5749 εε.
1429 5689 1523 5749 Ritter
1543 5690 1628 5749 XVI.
1651 5694 1718 5757 296.
1742 5690 1997 5769 Tobler'I'opogr.
2017 5708 2043 5747 r.
2059 5688 2150 5747 Ierus.
2172 5688 2195 5747 I.
2214 5692 2240 5747 9,

636 5795 687 5864 54)
710 5788 747 5849 V.
770 5788 864 5847 Rittar
884 5788 969 5849 XVI.
990 5795 1049 5851 353
1071 5811 1094 5851 s.
1493 5794 1542 5859 56)
1566 5789 1706 5849 Francice
1726 5792 1761 5848 de
1779 5792 1907 5847 dccsous.

636 5894 686 5964 55)
710 5889 848 5948 Fortasse
875 5898 942 5946 sunt
962 5888 1133 5961 Charirmii,
1165 5888 1202 5948 dc
1234 5888 1338 5969 quibus
1359 5908 1385 5945 v.
