<?xml version="1.0" encoding="UTF-8"?>
<!DOCTYPE html PUBLIC "-//W3C//DTD XHTML 1.0 Transitional//EN"
    "http://www.w3.org/TR/xhtml1/DTD/xhtml1-transitional.dtd">
<html xmlns="http://www.w3.org/1999/xhtml" xml:lang="en" lang="en">
 <head>
  <title>
</title>
<meta http-equiv="Content-Type" content="text/html;charset=utf-8" />
  <meta name='ocr-system' content='tesseract 3.04.00' />
  <meta name='ocr-capabilities' content='ocr_page ocr_carea ocr_par ocr_line ocrx_word'/>
</head>
<body>
  <div class='ocr_page' id='page_1' title='image "./peregrinatoresm00odorgoog_0078.png"; bbox 0 0 5284 7042; ppageno 0'>
   <div class='ocr_carea' id='block_1_1' title="bbox 1412 709 1453 771">
    <p class='ocr_par' dir='ltr' id='par_1_1' title="bbox 1412 709 1453 771">
     <span class='ocr_line' id='line_1_1' title="bbox 1412 709 1453 771; baseline 0.024 -1"><span class='ocrx_word' id='word_1_1' title='bbox 1412 709 1453 771; x_wconf 93' lang='grc'><strong>68</strong></span> 
     </span>
    </p>
   </div>
   <div class='ocr_carea' id='block_1_2' title="bbox 590 878 2268 3742">
    <p class='ocr_par' dir='ltr' id='par_1_2' title="bbox 590 878 2268 3742">
     <span class='ocr_line' id='line_1_2' title="bbox 598 878 2267 973; baseline 0.005 -29"><span class='ocrx_word' id='word_1_2' title='bbox 598 879 676 945; x_wconf 90' lang='lat' dir='ltr'><strong>sale.</strong></span> <span class='ocrx_word' id='word_1_3' title='bbox 718 878 791 944; x_wconf 90' lang='lat' dir='ltr'><strong>Heo</strong></span> <span class='ocrx_word' id='word_1_4' title='bbox 820 882 928 946; x_wconf 91' lang='lat' dir='ltr'><strong>omnia</strong></span> <span class='ocrx_word' id='word_1_5' title='bbox 954 883 1105 948; x_wconf 82' lang='lat' dir='ltr'>existenti</span> <span class='ocrx_word' id='word_1_6' title='bbox 1133 882 1200 948; x_wconf 91' lang='lat' dir='ltr'><strong>illic</strong></span> <span class='ocrx_word' id='word_1_7' title='bbox 1226 883 1269 949; x_wconf 87' lang='lat' dir='ltr'><strong>ad</strong></span> <span class='ocrx_word' id='word_1_8' title='bbox 1290 883 1418 948; x_wconf 88' lang='lat' dir='ltr'><strong>oculum</strong></span> <span class='ocrx_word' id='word_1_9' title='bbox 1439 895 1559 971; x_wconf 86' lang='lat' dir='ltr'><strong>patent</strong></span> <span class='ocrx_word' id='word_1_10' title='bbox 1602 889 1777 965; x_wconf 74' lang='lat' dir='ltr'><strong><em>Sepulcrum</em></strong></span> <span class='ocrx_word' id='word_1_11' title='bbox 1804 888 1890 952; x_wconf 89' lang='lat' dir='ltr'><strong>enim</strong></span> <span class='ocrx_word' id='word_1_12' title='bbox 1912 892 2040 970; x_wconf 74' lang='lat' dir='ltr'><strong>uirptaia</strong></span> <span class='ocrx_word' id='word_1_13' title='bbox 2058 892 2267 973; x_wconf 74' lang='lat' dir='ltr'><strong>ploricrc⁴⁸³j,</strong></span> 
     </span>
     <span class='ocr_line' id='line_1_3' title="bbox 597 995 2266 1089; baseline 0.006 -29"><span class='ocrx_word' id='word_1_14' title='bbox 597 995 684 1082; x_wconf 92' lang='lat' dir='ltr'><strong>qnod</strong></span> <span class='ocrx_word' id='word_1_15' title='bbox 706 1006 755 1061; x_wconf 86' lang='lat' dir='ltr'><strong>est</strong></span> <span class='ocrx_word' id='word_1_16' title='bbox 775 997 809 1060; x_wconf 92' lang='lat' dir='ltr'><strong>in</strong></span> <span class='ocrx_word' id='word_1_17' title='bbox 830 995 915 1061; x_wconf 87' lang='lat' dir='ltr'><strong>ualle</strong></span> <span class='ocrx_word' id='word_1_18' title='bbox 935 996 1105 1084; x_wconf 87' lang='lat' dir='ltr'><strong>Iosaphat,</strong></span> <span class='ocrx_word' id='word_1_19' title='bbox 1126 1021 1191 1064; x_wconf 90' lang='lat' dir='ltr'><strong>non</strong></span> <span class='ocrx_word' id='word_1_20' title='bbox 1212 999 1343 1086; x_wconf 92' lang='lat' dir='ltr'><strong>quidem</strong></span> <span class='ocrx_word' id='word_1_21' title='bbox 1362 1002 1397 1064; x_wconf 91' lang='lat' dir='ltr'><strong>in</strong></span> <span class='ocrx_word' id='word_1_22' title='bbox 1417 1001 1487 1064; x_wconf 91' lang='lat' dir='ltr'><strong>eius</strong></span> <span class='ocrx_word' id='word_1_23' title='bbox 1509 999 1741 1086; x_wconf 71' lang='lat' dir='ltr'><strong>profunditate,</strong></span> <span class='ocrx_word' id='word_1_24' title='bbox 1769 1001 1828 1067; x_wconf 89' lang='lat' dir='ltr'><strong>sed</strong></span> <span class='ocrx_word' id='word_1_25' title='bbox 1847 1002 1881 1066; x_wconf 92' lang='lat' dir='ltr'><strong>in</strong></span> <span class='ocrx_word' id='word_1_26' title='bbox 1903 1001 1987 1088; x_wconf 88' lang='lat' dir='ltr'><strong>pede</strong></span> <span class='ocrx_word' id='word_1_27' title='bbox 2006 1006 2126 1069; x_wconf 88' lang='lat' dir='ltr'><strong>montis</strong></span> <span class='ocrx_word' id='word_1_28' title='bbox 2146 1005 2266 1089; x_wconf 88' lang='lat' dir='ltr'><strong>olineti,</strong></span> 
     </span>
     <span class='ocr_line' id='line_1_4' title="bbox 596 1111 2267 1202; baseline 0.005 -24"><span class='ocrx_word' id='word_1_29' title='bbox 596 1135 713 1200; x_wconf 85' lang='lat' dir='ltr'><strong>parum</strong></span> <span class='ocrx_word' id='word_1_30' title='bbox 740 1121 848 1176; x_wconf 88' lang='lat' dir='ltr'><strong>tamen</strong></span> <span class='ocrx_word' id='word_1_31' title='bbox 870 1133 967 1198; x_wconf 85' lang='lat' dir='ltr'><strong>super</strong></span> <span class='ocrx_word' id='word_1_32' title='bbox 988 1111 1105 1177; x_wconf 87' lang='lat' dir='ltr'><strong>uallem</strong></span> <span class='ocrx_word' id='word_1_33' title='bbox 1128 1123 1159 1178; x_wconf 91' lang='lat' dir='ltr'><strong>et</strong></span> <span class='ocrx_word' id='word_1_34' title='bbox 1180 1115 1212 1178; x_wconf 93' lang='lat' dir='ltr'><strong>in</strong></span> <span class='ocrx_word' id='word_1_35' title='bbox 1236 1115 1409 1202; x_wconf 87' lang='lat' dir='ltr'><strong>superficie</strong></span> <span class='ocrx_word' id='word_1_36' title='bbox 1429 1115 1567 1191; x_wconf 57' lang='lat' dir='ltr'><strong>eruut)</strong></span> <span class='ocrx_word' id='word_1_37' title='bbox 1592 1124 1738 1202; x_wconf 83' lang='lat' dir='ltr'><strong>tempore</strong></span> <span class='ocrx_word' id='word_1_38' title='bbox 1763 1113 1975 1184; x_wconf 76' lang='lat' dir='ltr'><strong>habitationis</strong></span> <span class='ocrx_word' id='word_1_39' title='bbox 1993 1117 2172 1187; x_wconf 88' lang='lat' dir='ltr'><strong>Ierusalem</strong></span> <span class='ocrx_word' id='word_1_40' title='bbox 2192 1135 2267 1187; x_wconf 86' lang='lat' dir='ltr'><strong>ante</strong></span> 
     </span>
     <span class='ocr_line' id='line_1_5' title="bbox 597 1227 2268 1320; baseline 0.005 -26"><span class='ocrx_word' id='word_1_41' title='bbox 597 1227 849 1306; x_wconf 84' lang='lat' dir='ltr'><strong>subuersionem‚</strong></span> <span class='ocrx_word' id='word_1_42' title='bbox 870 1235 989 1306; x_wconf 83' lang='lat' dir='ltr'><strong>nuno·)</strong></span> <span class='ocrx_word' id='word_1_43' title='bbox 1012 1239 1061 1292; x_wconf 89' lang='lat' dir='ltr'><strong>est</strong></span> <span class='ocrx_word' id='word_1_44' title='bbox 1081 1227 1177 1314; x_wconf 87' lang='lat' dir='ltr'><strong>longe</strong></span> <span class='ocrx_word' id='word_1_45' title='bbox 1199 1229 1382 1312; x_wconf 87' lang='lat' dir='ltr'><strong>subterra,</strong></span> <span class='ocrx_word' id='word_1_46' title='bbox 1407 1229 1490 1295; x_wconf 91' lang='lat' dir='ltr'><strong>adeo</strong></span> <span class='ocrx_word' id='word_1_47' title='bbox 1517 1231 1604 1318; x_wconf 90' lang='lat' dir='ltr'><strong>quod</strong></span> <span class='ocrx_word' id='word_1_48' title='bbox 1630 1231 1768 1296; x_wconf 85' lang='lat' dir='ltr'><strong>ecclesia</strong></span> <span class='ocrx_word' id='word_1_49' title='bbox 1796 1232 1871 1320; x_wconf 90' lang='lat' dir='ltr'><strong>ipsa</strong></span> <span class='ocrx_word' id='word_1_50' title='bbox 1891 1255 1962 1298; x_wconf 88' lang='lat' dir='ltr'><strong>cnm</strong></span> <span class='ocrx_word' id='word_1_51' title='bbox 1983 1235 2025 1300; x_wconf 88' lang='lat' dir='ltr'><strong>sit</strong></span> <span class='ocrx_word' id='word_1_52' title='bbox 2044 1235 2180 1302; x_wconf 87' lang='lat' dir='ltr'><strong>multum</strong></span> <span class='ocrx_word' id='word_1_53' title='bbox 2202 1237 2268 1302; x_wconf 84' lang='lat' dir='ltr'><strong>alta</strong></span> 
     </span>
     <span class='ocr_line' id='line_1_6' title="bbox 596 1341 2266 1438; baseline 0.004 -30"><span class='ocrx_word' id='word_1_54' title='bbox 596 1345 657 1422; x_wconf 66' lang='lat' dir='ltr'><strong>eth)</strong></span> <span class='ocrx_word' id='word_1_55' title='bbox 679 1341 887 1425; x_wconf 81' lang='lat' dir='ltr'><strong>testudinata,</strong></span> <span class='ocrx_word' id='word_1_56' title='bbox 909 1352 978 1408; x_wconf 89' lang='lat' dir='ltr'><strong>tota</strong></span> <span class='ocrx_word' id='word_1_57' title='bbox 999 1366 1084 1408; x_wconf 91' lang='lat' dir='ltr'><strong>nunc</strong></span> <span class='ocrx_word' id='word_1_58' title='bbox 1107 1345 1149 1408; x_wconf 91' lang='lat' dir='ltr'><strong>sit</strong></span> <span class='ocrx_word' id='word_1_59' title='bbox 1172 1344 1232 1410; x_wconf 90' lang='lat' dir='ltr'><strong>snb</strong></span> <span class='ocrx_word' id='word_1_60' title='bbox 1253 1355 1342 1410; x_wconf 89' lang='lat' dir='ltr'><strong>terra</strong></span> <span class='ocrx_word' id='word_1_61' title='bbox 1363 1355 1396 1410; x_wconf 87' lang='lat' dir='ltr'><strong>et</strong></span> <span class='ocrx_word' id='word_1_62' title='bbox 1417 1345 1546 1410; x_wconf 90' lang='lat' dir='ltr'><strong>omnino</strong></span> <span class='ocrx_word' id='word_1_63' title='bbox 1568 1358 1731 1432; x_wconf 88' lang='lat' dir='ltr'><strong>cooperta,</strong></span> <span class='ocrx_word' id='word_1_64' title='bbox 1755 1357 1788 1410; x_wconf 92' lang='lat' dir='ltr'><strong>ot</strong></span> <span class='ocrx_word' id='word_1_65' title='bbox 1808 1345 1904 1413; x_wconf 87' lang='lat' dir='ltr'><strong>uallis</strong></span> <span class='ocrx_word' id='word_1_66' title='bbox 1923 1348 2063 1437; x_wconf 88' lang='lat' dir='ltr'><strong>desuper</strong></span> <span class='ocrx_word' id='word_1_67' title='bbox 2076 1362 2144 1417; x_wconf 89' lang='lat' dir='ltr'><strong>tota</strong></span> <span class='ocrx_word' id='word_1_68' title='bbox 2157 1350 2266 1438; x_wconf 85' lang='lat' dir='ltr'><strong>plana,</strong></span> 
     </span>
     <span class='ocr_line' id='line_1_7' title="bbox 594 1458 2264 1552; baseline 0.005 -28"><span class='ocrx_word' id='word_1_69' title='bbox 594 1473 630 1525; x_wconf 89' lang='lat' dir='ltr'><strong>ut</strong></span> <span class='ocrx_word' id='word_1_70' title='bbox 651 1459 706 1523; x_wconf 82' lang='grc' dir='ltr'><strong>ιιίε</strong></span> <span class='ocrx_word' id='word_1_71' title='bbox 727 1459 770 1523; x_wconf 90' lang='lat' dir='ltr'><strong>sit</strong></span> <span class='ocrx_word' id='word_1_72' title='bbox 792 1481 890 1545; x_wconf 86' lang='lat' dir='ltr'><strong>super</strong></span> <span class='ocrx_word' id='word_1_73' title='bbox 913 1458 1081 1525; x_wconf 86' lang='lat' dir='ltr'><strong>ecclesiam</strong></span> <span class='ocrx_word' id='word_1_74' title='bbox 1104 1458 1312 1526; x_wconf 87' lang='lat' dir='ltr'><strong>adeundum.</strong></span> <span class='ocrx_word' id='word_1_75' title='bbox 1355 1460 1416 1525; x_wconf 87' lang='lat' dir='ltr'><strong>Est</strong></span> <span class='ocrx_word' id='word_1_76' title='bbox 1435 1468 1544 1525; x_wconf 85' lang='lat' dir='ltr'><strong>tamen</strong></span> <span class='ocrx_word' id='word_1_77' title='bbox 1565 1461 1599 1524; x_wconf 90' lang='lat' dir='ltr'><strong>in</strong></span> <span class='ocrx_word' id='word_1_78' title='bbox 1619 1461 1788 1548; x_wconf 87' lang='lat' dir='ltr'><strong>superficie</strong></span> <span class='ocrx_word' id='word_1_79' title='bbox 1810 1472 1895 1528; x_wconf 90' lang='lat' dir='ltr'><strong>terre</strong></span> <span class='ocrx_word' id='word_1_80' title='bbox 1917 1465 2081 1552; x_wconf 84' lang='lat' dir='ltr'><strong>quoddam</strong></span> <span class='ocrx_word' id='word_1_81' title='bbox 2103 1466 2264 1532; x_wconf 82' lang='lat' dir='ltr'><strong>edificium</strong></span> 
     </span>
     <span class='ocr_line' id='line_1_8' title="bbox 595 1573 2263 1668; baseline 0.005 -29"><span class='ocrx_word' id='word_1_82' title='bbox 595 1573 638 1639; x_wconf 87' lang='lat' dir='ltr'><strong>ad</strong></span> <span class='ocrx_word' id='word_1_83' title='bbox 659 1573 790 1638; x_wconf 89' lang='lat' dir='ltr'><strong>modum</strong></span> <span class='ocrx_word' id='word_1_84' title='bbox 812 1574 969 1660; x_wconf 83' lang='lat' dir='ltr'><strong>capellula</strong></span> <span class='ocrx_word' id='word_1_85' title='bbox 989 1576 1121 1656; x_wconf 87' lang='lat' dir='ltr'><strong>factum,</strong></span> <span class='ocrx_word' id='word_1_86' title='bbox 1144 1574 1230 1660; x_wconf 91' lang='lat' dir='ltr'><strong>qnod</strong></span> <span class='ocrx_word' id='word_1_87' title='bbox 1252 1582 1357 1654; x_wconf 69' lang='lat' dir='ltr'><strong>onm0)</strong></span> <span class='ocrx_word' id='word_1_88' title='bbox 1377 1576 1512 1640; x_wconf 89' lang='lat' dir='ltr'><strong>interius</strong></span> <span class='ocrx_word' id='word_1_89' title='bbox 1534 1575 1740 1640; x_wconf 88' lang='lat' dir='ltr'><strong>descenderis</strong></span> <span class='ocrx_word' id='word_1_90' title='bbox 1747 1582 1774 1654; x_wconf 72' lang='lat' dir='ltr'><strong>d)</strong></span> <span class='ocrx_word' id='word_1_91' title='bbox 1795 1600 1854 1664; x_wconf 90' lang='lat' dir='ltr'><strong>per</strong></span> <span class='ocrx_word' id='word_1_92' title='bbox 1874 1579 1998 1665; x_wconf 85' lang='lat' dir='ltr'><strong>gradus</strong></span> <span class='ocrx_word' id='word_1_93' title='bbox 2014 1581 2182 1668; x_wconf 86' lang='lat' dir='ltr'><strong>plurimos,</strong></span> <span class='ocrx_word' id='word_1_94' title='bbox 2203 1581 2263 1647; x_wconf 90' lang='lat' dir='ltr'><strong>enh</strong></span> 
     </span>
     <span class='ocr_line' id='line_1_9' title="bbox 594 1688 2263 1783; baseline 0.005 -29"><span class='ocrx_word' id='word_1_95' title='bbox 594 1690 737 1754; x_wconf 87' lang='lat' dir='ltr'><strong>terrain</strong></span> <span class='ocrx_word' id='word_1_96' title='bbox 760 1688 929 1754; x_wconf 86' lang='lat' dir='ltr'><strong>ecclesiam</strong></span> <span class='ocrx_word' id='word_1_97' title='bbox 957 1691 1093 1777; x_wconf 77' lang='lat' dir='ltr'><strong>ipsam⁸)</strong></span> <span class='ocrx_word' id='word_1_98' title='bbox 1115 1691 1158 1755; x_wconf 89' lang='lat' dir='ltr'><strong>ad</strong></span> <span class='ocrx_word' id='word_1_99' title='bbox 1179 1691 1363 1778; x_wconf 87' lang='lat' dir='ltr'><strong>sepulcrum</strong></span> <span class='ocrx_word' id='word_1_100' title='bbox 1394 1691 1531 1776; x_wconf 87' lang='lat' dir='ltr'><strong>uirginis</strong></span> <span class='ocrx_word' id='word_1_101' title='bbox 1552 1689 1694 1776; x_wconf 85' lang='lat' dir='ltr'><strong>gloriose</strong></span> <span class='ocrx_word' id='word_1_102' title='bbox 1715 1695 1921 1778; x_wconf 75' lang='lat' dir='ltr'><strong>peruenies‘).</strong></span> <span class='ocrx_word' id='word_1_103' title='bbox 1963 1694 2007 1760; x_wconf 87' lang='lat' dir='ltr'><strong>Et</strong></span> <span class='ocrx_word' id='word_1_104' title='bbox 2035 1696 2149 1778; x_wconf 90' lang='lat' dir='ltr'><strong>credo,</strong></span> <span class='ocrx_word' id='word_1_105' title='bbox 2177 1697 2263 1783; x_wconf 88' lang='lat' dir='ltr'><strong>quod</strong></span> 
     </span>
     <span class='ocr_line' id='line_1_10' title="bbox 595 1804 2262 1892; baseline 0.005 -22"><span class='ocrx_word' id='word_1_106' title='bbox 595 1815 668 1870; x_wconf 91' lang='lat' dir='ltr'><strong>sunt</strong></span> <span class='ocrx_word' id='word_1_107' title='bbox 684 1804 754 1868; x_wconf 87' lang='lat' dir='ltr'><strong>LX.</strong></span> <span class='ocrx_word' id='word_1_108' title='bbox 796 1804 859 1869; x_wconf 86' lang='lat' dir='ltr'><strong>Est</strong></span> <span class='ocrx_word' id='word_1_109' title='bbox 880 1815 987 1871; x_wconf 87' lang='lat' dir='ltr'><strong>autem</strong></span> <span class='ocrx_word' id='word_1_110' title='bbox 1011 1806 1192 1892; x_wconf 85' lang='lat' dir='ltr'><strong>sepulcrum</strong></span> <span class='ocrx_word' id='word_1_111' title='bbox 1214 1809 1247 1870; x_wconf 91' lang='lat' dir='ltr'><strong>in</strong></span> <span class='ocrx_word' id='word_1_112' title='bbox 1269 1807 1375 1872; x_wconf 88' lang='lat' dir='ltr'><strong>medio</strong></span> <span class='ocrx_word' id='word_1_113' title='bbox 1396 1805 1487 1872; x_wconf 90' lang='lat' dir='ltr'><strong>chori</strong></span> <span class='ocrx_word' id='word_1_114' title='bbox 1508 1817 1621 1872; x_wconf 90' lang='lat' dir='ltr'><strong>contra</strong></span> <span class='ocrx_word' id='word_1_115' title='bbox 1642 1806 1755 1890; x_wconf 87' lang='lat' dir='ltr'><strong>altare,</strong></span> <span class='ocrx_word' id='word_1_116' title='bbox 1777 1830 1992 1876; x_wconf 86' lang='lat' dir='ltr'><strong>marmoreum</strong></span> <span class='ocrx_word' id='word_1_117' title='bbox 2009 1824 2041 1874; x_wconf 87' lang='lat' dir='ltr'><strong>et</strong></span> <span class='ocrx_word' id='word_1_118' title='bbox 2060 1812 2195 1878; x_wconf 87' lang='lat' dir='ltr'><strong>mirifice</strong></span> <span class='ocrx_word' id='word_1_119' title='bbox 2208 1812 2262 1878; x_wconf 79' lang='lat' dir='ltr'><strong>de</strong></span> 
     </span>
     <span class='ocr_line' id='line_1_11' title="bbox 595 1919 2262 2009; baseline 0.004 -24"><span class='ocrx_word' id='word_1_120' title='bbox 595 1933 748 1986; x_wconf 85' lang='lat' dir='ltr'><strong>ceratum.</strong></span> <span class='ocrx_word' id='word_1_121' title='bbox 790 1919 833 1984; x_wconf 88' lang='lat' dir='ltr'><strong>Et</strong></span> <span class='ocrx_word' id='word_1_122' title='bbox 862 1943 921 2006; x_wconf 87' lang='lat' dir='ltr'><strong>ego</strong></span> <span class='ocrx_word' id='word_1_123' title='bbox 950 1923 996 1986; x_wconf 85' lang='lat' dir='ltr'><strong>fui</strong></span> <span class='ocrx_word' id='word_1_124' title='bbox 1022 1924 1056 1987; x_wconf 93' lang='lat' dir='ltr'><strong>in</strong></span> <span class='ocrx_word' id='word_1_125' title='bbox 1083 1921 1219 1987; x_wconf 88' lang='lat' dir='ltr'><strong>ecelesia</strong></span> <span class='ocrx_word' id='word_1_126' title='bbox 1240 1923 1330 2008; x_wconf 90' lang='lat' dir='ltr'><strong>ipsa,</strong></span> <span class='ocrx_word' id='word_1_127' title='bbox 1363 1932 1396 1986; x_wconf 87' lang='lat' dir='ltr'><strong>et</strong></span> <span class='ocrx_word' id='word_1_128' title='bbox 1422 1921 1491 1986; x_wconf 91' lang='lat' dir='ltr'><strong>uidi</strong></span> <span class='ocrx_word' id='word_1_129' title='bbox 1512 1921 1703 2009; x_wconf 89' lang='lat' dir='ltr'><strong>sepulcrum.</strong></span> <span class='ocrx_word' id='word_1_130' title='bbox 1745 1923 1895 1990; x_wconf 81' lang='lat' dir='ltr'><strong>Ecclesia</strong></span> <span class='ocrx_word' id='word_1_131' title='bbox 1915 1937 2023 1991; x_wconf 86' lang='lat' dir='ltr'><strong>tamon</strong></span> <span class='ocrx_word' id='word_1_132' title='bbox 2053 1927 2187 1994; x_wconf 88' lang='lat' dir='ltr'><strong>multum</strong></span> <span class='ocrx_word' id='word_1_133' title='bbox 2207 1927 2262 1992; x_wconf 92' lang='lat' dir='ltr'><strong>hu·</strong></span> 
     </span>
     <span class='ocr_line' id='line_1_12' title="bbox 594 2036 2261 2128; baseline 0.006 -28"><span class='ocrx_word' id='word_1_134' title='bbox 594 2036 751 2116; x_wconf 77' lang='lat' dir='ltr'><strong>mida⁴⁶⁷)</strong></span> <span class='ocrx_word' id='word_1_135' title='bbox 774 2045 822 2102; x_wconf 87' lang='lat' dir='ltr'><strong>est</strong></span> <span class='ocrx_word' id='word_1_136' title='bbox 842 2039 986 2120; x_wconf 85' lang='lat' dir='ltr'><strong>interiue,</strong></span> <span class='ocrx_word' id='word_1_137' title='bbox 1008 2038 1084 2126; x_wconf 90' lang='lat' dir='ltr'><strong>quia</strong></span> <span class='ocrx_word' id='word_1_138' title='bbox 1104 2046 1229 2103; x_wconf 89' lang='lat' dir='ltr'><strong>torrens</strong></span> <span class='ocrx_word' id='word_1_139' title='bbox 1253 2037 1450 2115; x_wconf 63' lang='lat' dir='ltr'><strong>Oenonen</strong></span> <span class='ocrx_word' id='word_1_140' title='bbox 1472 2048 1521 2103; x_wconf 92' lang='lat' dir='ltr'><strong>est</strong></span> <span class='ocrx_word' id='word_1_141' title='bbox 1542 2037 1602 2102; x_wconf 91' lang='lat' dir='ltr'><strong>snb</strong></span> <span class='ocrx_word' id='word_1_142' title='bbox 1623 2038 1698 2124; x_wconf 86' lang='lat' dir='ltr'><strong>ipsa</strong></span> <span class='ocrx_word' id='word_1_143' title='bbox 1717 2037 1949 2125; x_wconf 83' lang='lat' dir='ltr'><strong>repletionibus</strong></span> <span class='ocrx_word' id='word_1_144' title='bbox 1971 2040 2169 2128; x_wconf 87' lang='lat' dir='ltr'><strong>supradietis</strong></span> <span class='ocrx_word' id='word_1_145' title='bbox 2190 2065 2261 2110; x_wconf 87' lang='lat' dir='ltr'><strong>coo·</strong></span> 
     </span>
     <span class='ocr_line' id='line_1_13' title="bbox 594 2151 2261 2245; baseline 0.004 -28"><span class='ocrx_word' id='word_1_146' title='bbox 594 2161 721 2239; x_wconf 83' lang='lat' dir='ltr'><strong>pertus,</strong></span> <span class='ocrx_word' id='word_1_147' title='bbox 751 2163 783 2218; x_wconf 92' lang='lat' dir='ltr'><strong>et</strong></span> <span class='ocrx_word' id='word_1_148' title='bbox 805 2153 934 2238; x_wconf 86' lang='lat' dir='ltr'><strong>quando</strong></span> <span class='ocrx_word' id='word_1_149' title='bbox 956 2154 1053 2218; x_wconf 86' lang='lat' dir='ltr'><strong>fuerit</strong></span> <span class='ocrx_word' id='word_1_150' title='bbox 1073 2153 1240 2218; x_wconf 91' lang='lat' dir='ltr'><strong>inundatio</strong></span> <span class='ocrx_word' id='word_1_151' title='bbox 1269 2175 1352 2239; x_wconf 88' lang='lat' dir='ltr'><strong>aque</strong></span> <span class='ocrx_word' id='word_1_152' title='bbox 1371 2151 1572 2238; x_wconf 89' lang='lat' dir='ltr'><strong>pluuiarnm,</strong></span> <span class='ocrx_word' id='word_1_153' title='bbox 1598 2155 1670 2240; x_wconf 90' lang='lat' dir='ltr'><strong>ipse</strong></span> <span class='ocrx_word' id='word_1_154' title='bbox 1690 2166 1833 2238; x_wconf 90' lang='lat' dir='ltr'><strong>torrens,</strong></span> <span class='ocrx_word' id='word_1_155' title='bbox 1866 2158 1921 2243; x_wconf 91' lang='lat' dir='ltr'><strong>qni</strong></span> <span class='ocrx_word' id='word_1_156' title='bbox 1943 2155 2049 2221; x_wconf 87' lang='lat' dir='ltr'><strong>adhuc</strong></span> <span class='ocrx_word' id='word_1_157' title='bbox 2074 2158 2109 2222; x_wconf 92' lang='lat' dir='ltr'><strong>in</strong></span> <span class='ocrx_word' id='word_1_158' title='bbox 2129 2160 2261 2245; x_wconf 88' lang='lat' dir='ltr'><strong>antiqno</strong></span> 
     </span>
     <span class='ocr_line' id='line_1_14' title="bbox 595 2267 2261 2362; baseline 0.004 -30"><span class='ocrx_word' id='word_1_159' title='bbox 595 2291 653 2332; x_wconf 88' lang='lat' dir='ltr'><strong>suo</strong></span> <span class='ocrx_word' id='word_1_160' title='bbox 682 2279 790 2333; x_wconf 88' lang='lat' dir='ltr'><strong>meatu</strong></span> <span class='ocrx_word' id='word_1_161' title='bbox 820 2267 880 2332; x_wconf 85' lang='lat' dir='ltr'><strong>sub</strong></span> <span class='ocrx_word' id='word_1_162' title='bbox 903 2267 1132 2355; x_wconf 89' lang='lat' dir='ltr'><strong>repletionibus</strong></span> <span class='ocrx_word' id='word_1_163' title='bbox 1153 2271 1235 2357; x_wconf 87' lang='lat' dir='ltr'><strong>ipsis</strong></span> <span class='ocrx_word' id='word_1_164' title='bbox 1258 2269 1408 2350; x_wconf 70' lang='lat' dir='ltr'><strong>omits),</strong></span> <span class='ocrx_word' id='word_1_165' title='bbox 1436 2290 1607 2355; x_wconf 88' lang='lat' dir='ltr'><strong>erumpens</strong></span> <span class='ocrx_word' id='word_1_166' title='bbox 1628 2269 1732 2356; x_wconf 90' lang='lat' dir='ltr'><strong>replet</strong></span> <span class='ocrx_word' id='word_1_167' title='bbox 1755 2269 1924 2337; x_wconf 87' lang='lat' dir='ltr'><strong>ecclesiam</strong></span> <span class='ocrx_word' id='word_1_168' title='bbox 1952 2274 1986 2336; x_wconf 92' lang='lat' dir='ltr'><strong>in</strong></span> <span class='ocrx_word' id='word_1_169' title='bbox 2007 2283 2146 2348; x_wconf 88' lang='lat' dir='ltr'><strong>tantum,</strong></span> <span class='ocrx_word' id='word_1_170' title='bbox 2175 2275 2261 2362; x_wconf 88' lang='lat' dir='ltr'><strong>qnod</strong></span> 
     </span>
     <span class='ocr_line' id='line_1_15' title="bbox 593 2383 2260 2475; baseline 0.003 -28"><span class='ocrx_word' id='word_1_171' title='bbox 593 2405 670 2468; x_wconf 88' lang='lat' dir='ltr'><strong>sepe</strong></span> <span class='ocrx_word' id='word_1_172' title='bbox 698 2405 756 2470; x_wconf 87' lang='lat' dir='ltr'><strong>per</strong></span> <span class='ocrx_word' id='word_1_173' title='bbox 783 2385 935 2464; x_wconf 64' lang='lat' dir='ltr'><strong>ostiumh)</strong></span> <span class='ocrx_word' id='word_1_174' title='bbox 964 2383 1086 2469; x_wconf 88' lang='lat' dir='ltr'><strong>capelle</strong></span> <span class='ocrx_word' id='word_1_175' title='bbox 1116 2385 1262 2470; x_wconf 88' lang='lat' dir='ltr'><strong>superius</strong></span> <span class='ocrx_word' id='word_1_176' title='bbox 1291 2384 1397 2471; x_wconf 90' lang='lat' dir='ltr'><strong>posite</strong></span> <span class='ocrx_word' id='word_1_177' title='bbox 1425 2404 1483 2469; x_wconf 89' lang='lat' dir='ltr'><strong>per</strong></span> <span class='ocrx_word' id='word_1_178' title='bbox 1506 2404 1617 2448; x_wconf 90' lang='lat' dir='ltr'><strong>omnes</strong></span> <span class='ocrx_word' id='word_1_179' title='bbox 1637 2385 1760 2470; x_wconf 85' lang='lat' dir='ltr'><strong>gradus</strong></span> <span class='ocrx_word' id='word_1_180' title='bbox 1781 2386 1963 2451; x_wconf 79' lang='lat' dir='ltr'><strong>exuberans</strong></span> <span class='ocrx_word' id='word_1_181' title='bbox 1985 2389 2147 2469; x_wconf 72' lang='lat' dir='ltr'><strong>exit¹)⁴⁶¹&#39;)</strong></span> <span class='ocrx_word' id='word_1_182' title='bbox 2168 2410 2260 2475; x_wconf 86' lang='lat' dir='ltr'><strong>aqua.</strong></span> 
     </span>
     <span class='ocr_line' id='line_1_16' title="bbox 592 2497 2261 2590; baseline 0.004 -26"><span class='ocrx_word' id='word_1_183' title='bbox 592 2499 631 2564; x_wconf 93' lang='lat' dir='ltr'><strong>In</strong></span> <span class='ocrx_word' id='word_1_184' title='bbox 658 2500 816 2565; x_wconf 87' lang='lat' dir='ltr'><strong>cimiterio</strong></span> <span class='ocrx_word' id='word_1_185' title='bbox 846 2522 923 2565; x_wconf 91' lang='lat' dir='ltr'><strong>uero</strong></span> <span class='ocrx_word' id='word_1_186' title='bbox 948 2502 1051 2586; x_wconf 88' lang='lat' dir='ltr'><strong>ipsius</strong></span> <span class='ocrx_word' id='word_1_187' title='bbox 1079 2499 1213 2564; x_wconf 87' lang='lat' dir='ltr'><strong>ecclesie</strong></span> <span class='ocrx_word' id='word_1_188' title='bbox 1241 2522 1305 2565; x_wconf 91' lang='lat' dir='ltr'><strong>non</strong></span> <span class='ocrx_word' id='word_1_189' title='bbox 1328 2499 1423 2584; x_wconf 85' lang='lat' dir='ltr'><strong>longe</strong></span> <span class='ocrx_word' id='word_1_190' title='bbox 1446 2497 1488 2562; x_wconf 93' lang='lat' dir='ltr'><strong>ab</strong></span> <span class='ocrx_word' id='word_1_191' title='bbox 1510 2499 1579 2562; x_wconf 91' lang='lat' dir='ltr'><strong>eius</strong></span> <span class='ocrx_word' id='word_1_192' title='bbox 1600 2499 1681 2565; x_wconf 91' lang='lat' dir='ltr'><strong>ostio</strong></span> <span class='ocrx_word' id='word_1_193' title='bbox 1702 2499 1850 2565; x_wconf 85' lang='lat' dir='ltr'><strong>hauritur</strong></span> <span class='ocrx_word' id='word_1_194' title='bbox 1868 2524 1954 2590; x_wconf 89' lang='lat' dir='ltr'><strong>aqna</strong></span> <span class='ocrx_word' id='word_1_195' title='bbox 1973 2501 2016 2566; x_wconf 80' lang='lat' dir='ltr'><strong>ab</strong></span> <span class='ocrx_word' id='word_1_196' title='bbox 2037 2503 2199 2590; x_wconf 83' lang='lat' dir='ltr'><strong>indigenis</strong></span> <span class='ocrx_word' id='word_1_197' title='bbox 2220 2504 2261 2570; x_wconf 90' lang='lat' dir='ltr'><strong>de</strong></span> 
     </span>
     <span class='ocr_line' id='line_1_17' title="bbox 592 2613 2261 2705; baseline 0.004 -27"><span class='ocrx_word' id='word_1_198' title='bbox 592 2615 680 2679; x_wconf 87' lang='lat' dir='ltr'><strong>fonte</strong></span> <span class='ocrx_word' id='word_1_199' title='bbox 702 2615 852 2702; x_wconf 89' lang='lat' dir='ltr'><strong>quodam,</strong></span> <span class='ocrx_word' id='word_1_200' title='bbox 876 2617 988 2702; x_wconf 91' lang='lat' dir='ltr'><strong>quiin</strong></span> <span class='ocrx_word' id='word_1_201' title='bbox 1011 2615 1237 2695; x_wconf 58' lang='lat' dir='ltr'><strong>Nehemiaflu</strong></span> <span class='ocrx_word' id='word_1_202' title='bbox 1252 2623 1329 2693; x_wconf 81' lang='lat' dir='ltr'><strong>sons</strong></span> <span class='ocrx_word' id='word_1_203' title='bbox 1349 2613 1558 2691; x_wconf 52' lang='lat' dir='ltr'><strong>crassatum)</strong></span> <span class='ocrx_word' id='word_1_204' title='bbox 1580 2613 1714 2697; x_wconf 88' lang='lat' dir='ltr'><strong>dicitnr,</strong></span> <span class='ocrx_word' id='word_1_205' title='bbox 1735 2628 1811 2682; x_wconf 90' lang='lat' dir='ltr'><strong>ante</strong></span> <span class='ocrx_word' id='word_1_206' title='bbox 1832 2628 1961 2703; x_wconf 90' lang='lat' dir='ltr'><strong>portam</strong></span> <span class='ocrx_word' id='word_1_207' title='bbox 1981 2617 2077 2682; x_wconf 89' lang='lat' dir='ltr'><strong>uallis</strong></span> <span class='ocrx_word' id='word_1_208' title='bbox 2099 2621 2170 2684; x_wconf 91' lang='lat' dir='ltr'><strong>siue</strong></span> <span class='ocrx_word' id='word_1_209' title='bbox 2189 2641 2261 2705; x_wconf 87' lang='lat' dir='ltr'><strong>gre-</strong></span> 
     </span>
     <span class='ocr_line' id='line_1_18' title="bbox 592 2727 2261 2817; baseline 0.004 -23"><span class='ocrx_word' id='word_1_210' title='bbox 592 2731 652 2815; x_wconf 86' lang='lat' dir='ltr'><strong>gis.</strong></span> <span class='ocrx_word' id='word_1_211' title='bbox 693 2729 842 2796; x_wconf 80' lang='lat' dir='ltr'><strong>Ecclesia</strong></span> <span class='ocrx_word' id='word_1_212' title='bbox 872 2742 978 2796; x_wconf 88' lang='lat' dir='ltr'><strong>autem</strong></span> <span class='ocrx_word' id='word_1_213' title='bbox 1004 2731 1098 2796; x_wconf 89' lang='lat' dir='ltr'><strong>beate</strong></span> <span class='ocrx_word' id='word_1_214' title='bbox 1130 2733 1266 2817; x_wconf 85' lang='lat' dir='ltr'><strong>uirginis</strong></span> <span class='ocrx_word' id='word_1_215' title='bbox 1294 2730 1401 2795; x_wconf 86' lang='lat' dir='ltr'><strong>lumen</strong></span> <span class='ocrx_word' id='word_1_216' title='bbox 1426 2727 1525 2794; x_wconf 88' lang='lat' dir='ltr'><strong>habet</strong></span> <span class='ocrx_word' id='word_1_217' title='bbox 1551 2729 1637 2794; x_wconf 90' lang='lat' dir='ltr'><strong>intus</strong></span> <span class='ocrx_word' id='word_1_218' title='bbox 1664 2730 1705 2795; x_wconf 89' lang='lat' dir='ltr'><strong>de</strong></span> <span class='ocrx_word' id='word_1_219' title='bbox 1734 2731 1884 2796; x_wconf 85' lang='lat' dir='ltr'><strong>fenestris</strong></span> <span class='ocrx_word' id='word_1_220' title='bbox 1916 2732 2126 2798; x_wconf 78' lang='lat' dir='ltr'><strong>orientalibus</strong></span> <span class='ocrx_word' id='word_1_221' title='bbox 2147 2745 2261 2800; x_wconf 90' lang='lat' dir='ltr'><strong>contra</strong></span> 
     </span>
     <span class='ocr_line' id='line_1_19' title="bbox 591 2843 2221 2934; baseline 0.002 -24"><span class='ocrx_word' id='word_1_222' title='bbox 591 2855 733 2912; x_wconf 91' lang='lat' dir='ltr'><strong>montem</strong></span> <span class='ocrx_word' id='word_1_223' title='bbox 754 2845 863 2912; x_wconf 90' lang='lat' dir='ltr'><strong>oliueti</strong></span> <span class='ocrx_word' id='word_1_224' title='bbox 884 2849 1008 2934; x_wconf 85' lang='lat' dir='ltr'><strong>positis,</strong></span> <span class='ocrx_word' id='word_1_225' title='bbox 1030 2845 1086 2911; x_wconf 90' lang='lat' dir='ltr'><strong>ubi</strong></span> <span class='ocrx_word' id='word_1_226' title='bbox 1109 2846 1191 2912; x_wconf 88' lang='lat' dir='ltr'><strong>bene</strong></span> <span class='ocrx_word' id='word_1_227' title='bbox 1212 2855 1318 2933; x_wconf 90' lang='lat' dir='ltr'><strong>potest</strong></span> <span class='ocrx_word' id='word_1_228' title='bbox 1340 2843 1516 2911; x_wconf 89' lang='lat' dir='ltr'><strong>secundum</strong></span> <span class='ocrx_word' id='word_1_229' title='bbox 1537 2845 1600 2911; x_wconf 89' lang='lat' dir='ltr'><strong>loci</strong></span> <span class='ocrx_word' id='word_1_230' title='bbox 1625 2845 1869 2932; x_wconf 85' lang='lat' dir='ltr'><strong>dispositionem</strong></span> <span class='ocrx_word' id='word_1_231' title='bbox 1890 2847 1947 2912; x_wconf 85' lang='lat' dir='ltr'><strong>lux</strong></span> <span class='ocrx_word' id='word_1_232' title='bbox 1969 2848 2123 2914; x_wconf 85' lang='lat' dir='ltr'><strong>accedere</strong></span> <span class='ocrx_word' id='word_1_233' title='bbox 2146 2849 2221 2915; x_wconf 87' lang='lat' dir='ltr'><strong>diei.</strong></span> 
     </span>
     <span class='ocr_line' id='line_1_20' title="bbox 715 2959 2258 3048; baseline 0.002 -22"><span class='ocrx_word' id='word_1_234' title='bbox 715 2963 789 3027; x_wconf 89' lang='lat' dir='ltr'><strong>Non</strong></span> <span class='ocrx_word' id='word_1_235' title='bbox 809 2962 905 3048; x_wconf 87' lang='lat' dir='ltr'><strong>longe</strong></span> <span class='ocrx_word' id='word_1_236' title='bbox 927 2964 968 3028; x_wconf 91' lang='lat' dir='ltr'><strong>ab</strong></span> <span class='ocrx_word' id='word_1_237' title='bbox 990 2964 1073 3029; x_wconf 89' lang='lat' dir='ltr'><strong>ostio</strong></span> <span class='ocrx_word' id='word_1_238' title='bbox 1095 2961 1190 3027; x_wconf 90' lang='lat' dir='ltr'><strong>huius</strong></span> <span class='ocrx_word' id='word_1_239' title='bbox 1210 2960 1344 3048; x_wconf 88' lang='lat' dir='ltr'><strong>capelle,</strong></span> <span class='ocrx_word' id='word_1_240' title='bbox 1365 2983 1426 3046; x_wconf 93' lang='lat' dir='ltr'><strong>que</strong></span> <span class='ocrx_word' id='word_1_241' title='bbox 1449 2959 1538 3025; x_wconf 89' lang='lat' dir='ltr'><strong>ducit</strong></span> <span class='ocrx_word' id='word_1_242' title='bbox 1557 2960 1601 3026; x_wconf 88' lang='lat' dir='ltr'><strong>ad</strong></span> <span class='ocrx_word' id='word_1_243' title='bbox 1620 2961 1788 3028; x_wconf 89' lang='lat' dir='ltr'><strong>ecclesiam</strong></span> <span class='ocrx_word' id='word_1_244' title='bbox 1811 2975 1925 3028; x_wconf 85' lang='lat' dir='ltr'><strong>contra</strong></span> <span class='ocrx_word' id='word_1_245' title='bbox 1945 2965 2119 3046; x_wconf 86' lang='lat' dir='ltr'><strong>orientem,</strong></span> <span class='ocrx_word' id='word_1_246' title='bbox 2144 2964 2258 3030; x_wconf 85' lang='lat' dir='ltr'><strong>videli-</strong></span> 
     </span>
     <span class='ocr_line' id='line_1_21' title="bbox 592 3075 2258 3166; baseline 0.002 -24"><span class='ocrx_word' id='word_1_247' title='bbox 592 3089 642 3144; x_wconf 91' lang='lat' dir='ltr'><strong>cet</strong></span> <span class='ocrx_word' id='word_1_248' title='bbox 664 3077 693 3142; x_wconf 89' lang='lat' dir='ltr'>L</span> <span class='ocrx_word' id='word_1_249' title='bbox 715 3077 869 3166; x_wconf 89' lang='lat' dir='ltr'><strong>pedibus,</strong></span> <span class='ocrx_word' id='word_1_250' title='bbox 898 3089 947 3144; x_wconf 91' lang='lat' dir='ltr'><strong>est</strong></span> <span class='ocrx_word' id='word_1_251' title='bbox 967 3079 1083 3144; x_wconf 90' lang='lat' dir='ltr'><strong>ostium</strong></span> <span class='ocrx_word' id='word_1_252' title='bbox 1105 3077 1238 3143; x_wconf 87' lang='lat' dir='ltr'><strong>alterius</strong></span> <span class='ocrx_word' id='word_1_253' title='bbox 1259 3075 1414 3159; x_wconf 87' lang='lat' dir='ltr'><strong>ecclesie,</strong></span> <span class='ocrx_word' id='word_1_254' title='bbox 1442 3098 1504 3160; x_wconf 93' lang='lat' dir='ltr'><strong>qne</strong></span> <span class='ocrx_word' id='word_1_255' title='bbox 1524 3087 1660 3141; x_wconf 89' lang='lat' dir='ltr'><strong>uocatur</strong></span> <span class='ocrx_word' id='word_1_256' title='bbox 1683 3079 1956 3159; x_wconf 61' lang='lat' dir='ltr'><strong>Gctlscmauiffl),</strong></span> <span class='ocrx_word' id='word_1_257' title='bbox 1985 3079 2041 3144; x_wconf 91' lang='lat' dir='ltr'><strong>ubi</strong></span> <span class='ocrx_word' id='word_1_258' title='bbox 2069 3091 2140 3145; x_wconf 88' lang='lat' dir='ltr'><strong>erat</strong></span> <span class='ocrx_word' id='word_1_259' title='bbox 2159 3092 2258 3164; x_wconf 69' lang='lat' dir='ltr'><strong>onus,</strong></span> 
     </span>
     <span class='ocr_line' id='line_1_22' title="bbox 591 3191 2259 3282; baseline 0.001 -23"><span class='ocrx_word' id='word_1_260' title='bbox 591 3217 686 3282; x_wconf 89' lang='lat' dir='ltr'><strong>quem</strong></span> <span class='ocrx_word' id='word_1_261' title='bbox 706 3195 851 3260; x_wconf 90' lang='lat' dir='ltr'><strong>introiuit</strong></span> <span class='ocrx_word' id='word_1_262' title='bbox 871 3195 1033 3260; x_wconf 91' lang='lat' dir='ltr'><strong>Dominus</strong></span> <span class='ocrx_word' id='word_1_263' title='bbox 1056 3217 1127 3258; x_wconf 92' lang='lat' dir='ltr'><strong>cum</strong></span> <span class='ocrx_word' id='word_1_264' title='bbox 1150 3192 1319 3280; x_wconf 86' lang='lat' dir='ltr'><strong>discipulis</strong></span> <span class='ocrx_word' id='word_1_265' title='bbox 1342 3193 1418 3274; x_wconf 91' lang='lat' dir='ltr'><strong>suis,</strong></span> <span class='ocrx_word' id='word_1_266' title='bbox 1439 3193 1474 3256; x_wconf 93' lang='lat' dir='ltr'><strong>in</strong></span> <span class='ocrx_word' id='word_1_267' title='bbox 1492 3191 1594 3256; x_wconf 87' lang='lat' dir='ltr'><strong>latere</strong></span> <span class='ocrx_word' id='word_1_268' title='bbox 1614 3194 1739 3275; x_wconf 88' lang='lat' dir='ltr'><strong>montis,</strong></span> <span class='ocrx_word' id='word_1_269' title='bbox 1762 3193 1921 3259; x_wconf 86' lang='lat' dir='ltr'><strong>adherens</strong></span> <span class='ocrx_word' id='word_1_270' title='bbox 1944 3195 2071 3260; x_wconf 91' lang='lat' dir='ltr'><strong>cuidam</strong></span> <span class='ocrx_word' id='word_1_271' title='bbox 2093 3198 2165 3282; x_wconf 89' lang='lat' dir='ltr'><strong>rupi</strong></span> <span class='ocrx_word' id='word_1_272' title='bbox 2186 3219 2259 3261; x_wconf 90' lang='lat' dir='ltr'><strong>con·</strong></span> 
     </span>
     <span class='ocr_line' id='line_1_23' title="bbox 592 3305 2259 3396; baseline 0.001 -24"><span class='ocrx_word' id='word_1_273' title='bbox 592 3331 673 3375; x_wconf 89' lang='lat' dir='ltr'><strong>caue</strong></span> <span class='ocrx_word' id='word_1_274' title='bbox 694 3309 734 3374; x_wconf 89' lang='lat' dir='ltr'><strong>de</strong></span> <span class='ocrx_word' id='word_1_275' title='bbox 758 3319 865 3374; x_wconf 89' lang='lat' dir='ltr'><strong>monte</strong></span> <span class='ocrx_word' id='word_1_276' title='bbox 887 3310 1093 3396; x_wconf 88' lang='lat' dir='ltr'><strong>dependenti,</strong></span> <span class='ocrx_word' id='word_1_277' title='bbox 1116 3309 1209 3388; x_wconf 58' lang='lat' dir='ltr'><strong>subt)</strong></span> <span class='ocrx_word' id='word_1_278' title='bbox 1232 3331 1296 3396; x_wconf 91' lang='lat' dir='ltr'><strong>qua</strong></span> <span class='ocrx_word' id='word_1_279' title='bbox 1317 3329 1399 3394; x_wconf 90' lang='lat' dir='ltr'><strong>rupe</strong></span> <span class='ocrx_word' id='word_1_280' title='bbox 1420 3305 1572 3394; x_wconf 89' lang='lat' dir='ltr'><strong>discipuli</strong></span> <span class='ocrx_word' id='word_1_281' title='bbox 1593 3307 1757 3391; x_wconf 88' lang='lat' dir='ltr'><strong>sedebant,</strong></span> <span class='ocrx_word' id='word_1_282' title='bbox 1781 3307 1909 3396; x_wconf 89' lang='lat' dir='ltr'><strong>quando</strong></span> <span class='ocrx_word' id='word_1_283' title='bbox 1924 3310 2008 3376; x_wconf 87' lang='lat' dir='ltr'><strong>dixit</strong></span> <span class='ocrx_word' id='word_1_284' title='bbox 2022 3311 2068 3375; x_wconf 87' lang='lat' dir='ltr'><strong>eis</strong></span> <span class='ocrx_word' id='word_1_285' title='bbox 2084 3311 2259 3378; x_wconf 88' lang='lat' dir='ltr'><strong>Dominus:</strong></span> 
     </span>
     <span class='ocr_line' id='line_1_24' title="bbox 590 3422 2258 3505; baseline 0.001 -17"><span class='ocrx_word' id='word_1_286' title='bbox 590 3431 713 3505; x_wconf 79' lang='lat' dir='ltr'><strong>„Sedete</strong></span> <span class='ocrx_word' id='word_1_287' title='bbox 735 3429 790 3502; x_wconf 77' lang='lat' dir='ltr'><strong>tic,</strong></span> <span class='ocrx_word' id='word_1_288' title='bbox 813 3432 904 3488; x_wconf 81' lang='lat' dir='ltr'><strong>donec</strong></span> <span class='ocrx_word' id='word_1_289' title='bbox 926 3431 1036 3488; x_wconf 77' lang='lat' dir='ltr'><strong>uadum</strong></span> <span class='ocrx_word' id='word_1_290' title='bbox 1058 3429 1119 3488; x_wconf 80' lang='lat' dir='ltr'><strong>illic</strong></span> <span class='ocrx_word' id='word_1_291' title='bbox 1140 3438 1168 3488; x_wconf 84' lang='lat' dir='ltr'><strong>ct</strong></span> <span class='ocrx_word' id='word_1_292' title='bbox 1190 3429 1296 3488; x_wconf 83' lang='lat' dir='ltr'><strong>orcm,“</strong></span> <span class='ocrx_word' id='word_1_293' title='bbox 1331 3423 1376 3487; x_wconf 83' lang='lat' dir='ltr'><strong>Et</strong></span> <span class='ocrx_word' id='word_1_294' title='bbox 1395 3422 1575 3488; x_wconf 85' lang='lat' dir='ltr'><strong>ostenditur</strong></span> <span class='ocrx_word' id='word_1_295' title='bbox 1596 3423 1702 3488; x_wconf 88' lang='lat' dir='ltr'><strong>adhuc</strong></span> <span class='ocrx_word' id='word_1_296' title='bbox 1721 3423 1843 3488; x_wconf 88' lang='lat' dir='ltr'><strong>ibidem</strong></span> <span class='ocrx_word' id='word_1_297' title='bbox 1864 3424 1954 3490; x_wconf 90' lang='lat' dir='ltr'><strong>locus</strong></span> <span class='ocrx_word' id='word_1_298' title='bbox 1968 3426 2121 3492; x_wconf 89' lang='lat' dir='ltr'><strong>sessionis</strong></span> <span class='ocrx_word' id='word_1_299' title='bbox 2138 3449 2258 3493; x_wconf 88' lang='lat' dir='ltr'><strong>eorum.</strong></span> 
     </span>
     <span class='ocr_line' id='line_1_25' title="bbox 590 3537 2260 3624; baseline 0.001 -19"><span class='ocrx_word' id='word_1_300' title='bbox 590 3540 718 3606; x_wconf 90' lang='lat' dir='ltr'><strong>Ibidem</strong></span> <span class='ocrx_word' id='word_1_301' title='bbox 742 3540 843 3604; x_wconf 88' lang='lat' dir='ltr'><strong>eciam</strong></span> <span class='ocrx_word' id='word_1_302' title='bbox 867 3541 1045 3606; x_wconf 88' lang='lat' dir='ltr'><strong>ostenditur</strong></span> <span class='ocrx_word' id='word_1_303' title='bbox 1066 3537 1165 3620; x_wconf 88' lang='lat' dir='ltr'><strong>locus,</strong></span> <span class='ocrx_word' id='word_1_304' title='bbox 1185 3539 1217 3604; x_wconf 89' lang='lat' dir='ltr'><strong>in</strong></span> <span class='ocrx_word' id='word_1_305' title='bbox 1237 3561 1300 3624; x_wconf 93' lang='lat' dir='ltr'><strong>qno</strong></span> <span class='ocrx_word' id='word_1_306' title='bbox 1320 3548 1429 3604; x_wconf 89' lang='lat' dir='ltr'><strong>tentus</strong></span> <span class='ocrx_word' id='word_1_307' title='bbox 1449 3539 1511 3603; x_wconf 81' lang='lat' dir='ltr'><strong>fnit</strong></span> <span class='ocrx_word' id='word_1_308' title='bbox 1531 3560 1551 3603; x_wconf 90' lang='lat' dir='ltr'><strong>a</strong></span> <span class='ocrx_word' id='word_1_309' title='bbox 1573 3538 1687 3621; x_wconf 88' lang='lat' dir='ltr'><strong>turbis,</strong></span> <span class='ocrx_word' id='word_1_310' title='bbox 1707 3538 1789 3604; x_wconf 92' lang='lat' dir='ltr'><strong>Inda</strong></span> <span class='ocrx_word' id='word_1_311' title='bbox 1810 3562 1883 3604; x_wconf 84' lang='lat' dir='ltr'><strong>eurn</strong></span> <span class='ocrx_word' id='word_1_312' title='bbox 1903 3539 2013 3607; x_wconf 92' lang='lat' dir='ltr'><strong>osculo</strong></span> <span class='ocrx_word' id='word_1_313' title='bbox 2028 3541 2186 3607; x_wconf 86' lang='lat' dir='ltr'><strong>tradente.</strong></span> <span class='ocrx_word' id='word_1_314' title='bbox 2216 3541 2260 3607; x_wconf 88' lang='lat' dir='ltr'><strong>Et</strong></span> 
     </span>
     <span class='ocr_line' id='line_1_26' title="bbox 590 3653 2257 3742; baseline 0.001 -20"><span class='ocrx_word' id='word_1_315' title='bbox 590 3655 720 3722; x_wconf 88' lang='lat' dir='ltr'><strong>uidetur</strong></span> <span class='ocrx_word' id='word_1_316' title='bbox 741 3657 912 3742; x_wconf 85' lang='lat' dir='ltr'><strong>impressio</strong></span> <span class='ocrx_word' id='word_1_317' title='bbox 936 3655 1077 3722; x_wconf 89' lang='lat' dir='ltr'><strong>caluarie</strong></span> <span class='ocrx_word' id='word_1_318' title='bbox 1099 3655 1168 3720; x_wconf 89' lang='lat' dir='ltr'><strong>eins</strong></span> <span class='ocrx_word' id='word_1_319' title='bbox 1189 3655 1337 3741; x_wconf 88' lang='lat' dir='ltr'><strong>superius</strong></span> <span class='ocrx_word' id='word_1_320' title='bbox 1361 3655 1395 3719; x_wconf 91' lang='lat' dir='ltr'><strong>in</strong></span> <span class='ocrx_word' id='word_1_321' title='bbox 1417 3677 1500 3740; x_wconf 91' lang='lat' dir='ltr'><strong>rupe</strong></span> <span class='ocrx_word' id='word_1_322' title='bbox 1519 3653 1721 3741; x_wconf 88' lang='lat' dir='ltr'><strong>dependente</strong></span> <span class='ocrx_word' id='word_1_323' title='bbox 1742 3667 1773 3719; x_wconf 90' lang='lat' dir='ltr'><strong>et</strong></span> <span class='ocrx_word' id='word_1_324' title='bbox 1792 3654 1982 3720; x_wconf 86' lang='lat' dir='ltr'><strong>liniamenta</strong></span> <span class='ocrx_word' id='word_1_325' title='bbox 1994 3656 2052 3733; x_wconf 67' lang='grc'><strong>111)</strong></span> <span class='ocrx_word' id='word_1_326' title='bbox 2073 3659 2205 3723; x_wconf 90' lang='lat' dir='ltr'><strong>uerticis</strong></span> <span class='ocrx_word' id='word_1_327' title='bbox 2225 3667 2257 3723; x_wconf 89' lang='lat' dir='ltr'><strong>et</strong></span> 
     </span>
    </p>
   </div>
   <div class='ocr_carea' id='block_1_3' title="bbox 657 3849 2255 4088">
    <p class='ocr_par' dir='ltr' id='par_1_3' title="bbox 657 3849 2255 4088">
     <span class='ocr_line' id='line_1_27' title="bbox 657 3849 2254 3925; baseline 0.001 -19"><span class='ocrx_word' id='word_1_328' title='bbox 657 3853 685 3922; x_wconf 90' lang='lat' dir='ltr'><strong>a)</strong></span> <span class='ocrx_word' id='word_1_329' title='bbox 702 3870 757 3906; x_wconf 83' lang='lat' dir='ltr'><strong>uon</strong></span> <span class='ocrx_word' id='word_1_330' title='bbox 775 3849 813 3906; x_wconf 83' lang='lat' dir='ltr'><strong>St.</strong></span> <span class='ocrx_word' id='word_1_331' title='bbox 836 3869 906 3906; x_wconf 80' lang='lat' dir='ltr'><strong>nunc</strong></span> <span class='ocrx_word' id='word_1_332' title='bbox 924 3851 950 3909; x_wconf 91' lang='lat' dir='ltr'><strong>h.</strong></span> <span class='ocrx_word' id='word_1_333' title='bbox 971 3881 1003 3892; x_wconf 79' lang='lat'>—</span> <span class='ocrx_word' id='word_1_334' title='bbox 1022 3851 1051 3920; x_wconf 85' lang='lat' dir='ltr'><strong>b)</strong></span> <span class='ocrx_word' id='word_1_335' title='bbox 1069 3860 1094 3906; x_wconf 82' lang='lat' dir='ltr'><strong>ct</strong></span> <span class='ocrx_word' id='word_1_336' title='bbox 1111 3869 1162 3906; x_wconf 91' lang='lat' dir='ltr'><strong>om.</strong></span> <span class='ocrx_word' id='word_1_337' title='bbox 1181 3851 1222 3906; x_wconf 85' lang='lat' dir='ltr'><strong>St.</strong></span> <span class='ocrx_word' id='word_1_338' title='bbox 1241 3883 1271 3890; x_wconf 91' lang='lat'><em>-</em></span> <span class='ocrx_word' id='word_1_339' title='bbox 1290 3851 1316 3922; x_wconf 86' lang='lat' dir='ltr'><strong>c)</strong></span> <span class='ocrx_word' id='word_1_340' title='bbox 1334 3869 1393 3906; x_wconf 86' lang='lat' dir='ltr'><strong>cum</strong></span> <span class='ocrx_word' id='word_1_341' title='bbox 1407 3849 1448 3904; x_wconf 84' lang='lat' dir='ltr'><strong>St.</strong></span> <span class='ocrx_word' id='word_1_342' title='bbox 1466 3857 1553 3905; x_wconf 71' lang='lat' dir='ltr'><strong>mmcu</strong></span> <span class='ocrx_word' id='word_1_343' title='bbox 1570 3849 1596 3906; x_wconf 88' lang='lat' dir='ltr'><strong>h.</strong></span> <span class='ocrx_word' id='word_1_344' title='bbox 1617 3880 1649 3890; x_wconf 94' lang='lat'>-</span> <span class='ocrx_word' id='word_1_345' title='bbox 1667 3849 1696 3921; x_wconf 91' lang='lat' dir='ltr'><strong>d)</strong></span> <span class='ocrx_word' id='word_1_346' title='bbox 1708 3853 1868 3906; x_wconf 72' lang='lat' dir='ltr'><strong>‹taccnclcru</strong></span> <span class='ocrx_word' id='word_1_347' title='bbox 1881 3851 1914 3905; x_wconf 85' lang='lat' dir='ltr'><strong>St</strong></span> <span class='ocrx_word' id='word_1_348' title='bbox 1926 3849 1952 3904; x_wconf 92' lang='lat' dir='ltr'><strong>h.</strong></span> <span class='ocrx_word' id='word_1_349' title='bbox 1967 3882 1999 3889; x_wconf 95' lang='lat'><em>-</em></span> <span class='ocrx_word' id='word_1_350' title='bbox 2016 3854 2043 3922; x_wconf 91' lang='lat' dir='ltr'><strong>e)</strong></span> <span class='ocrx_word' id='word_1_351' title='bbox 2058 3854 2173 3908; x_wconf 72' lang='lat' dir='ltr'><strong>oeclcas&#39;a</strong></span> <span class='ocrx_word' id='word_1_352' title='bbox 2190 3855 2254 3925; x_wconf 77' lang='lat' dir='ltr'><strong>ipen</strong></span> 
     </span>
     <span class='ocr_line' id='line_1_28' title="bbox 725 3932 2255 4006; baseline 0.001 -16"><span class='ocrx_word' id='word_1_353' title='bbox 725 3935 764 3990; x_wconf 82' lang='lat' dir='ltr'><strong>st.</strong></span> <span class='ocrx_word' id='word_1_354' title='bbox 782 3935 921 3990; x_wconf 77' lang='lat' dir='ltr'><strong>ecclesium</strong></span> <span class='ocrx_word' id='word_1_355' title='bbox 941 3937 1031 4006; x_wconf 82' lang='lat' dir='ltr'><strong>ipsam</strong></span> <span class='ocrx_word' id='word_1_356' title='bbox 1047 3934 1074 3992; x_wconf 92' lang='lat' dir='ltr'><strong>h.</strong></span> <span class='ocrx_word' id='word_1_357' title='bbox 1092 3965 1124 3974; x_wconf 91' lang='lat'><em>—</em></span> <span class='ocrx_word' id='word_1_358' title='bbox 1147 3935 1173 4004; x_wconf 92' lang='grc'><strong>1)</strong></span> <span class='ocrx_word' id='word_1_359' title='bbox 1188 3937 1333 4006; x_wconf 74' lang='lat' dir='ltr'><strong>peruenias</strong></span> <span class='ocrx_word' id='word_1_360' title='bbox 1350 3951 1403 3991; x_wconf 87' lang='lat' dir='ltr'><strong>om.</strong></span> <span class='ocrx_word' id='word_1_361' title='bbox 1422 3933 1461 3988; x_wconf 85' lang='lat' dir='ltr'><strong>St</strong></span> <span class='ocrx_word' id='word_1_362' title='bbox 1475 3935 1636 4004; x_wconf 81' lang='lat' dir='ltr'><strong>pcrucns&#39;tur</strong></span> <span class='ocrx_word' id='word_1_363' title='bbox 1652 3932 1693 4000; x_wconf 90' lang='lat' dir='ltr'><strong>h.,</strong></span> <span class='ocrx_word' id='word_1_364' title='bbox 1711 3935 1759 3989; x_wconf 84' lang='lat' dir='ltr'><strong>sed</strong></span> <span class='ocrx_word' id='word_1_365' title='bbox 1777 3936 1805 3988; x_wconf 87' lang='lat' dir='ltr'><strong>in</strong></span> <span class='ocrx_word' id='word_1_366' title='bbox 1823 3935 1958 4005; x_wconf 75' lang='lat' dir='ltr'><strong>margine!</strong></span> <span class='ocrx_word' id='word_1_367' title='bbox 1983 3967 2016 3975; x_wconf 94' lang='lat'><em>-</em></span> <span class='ocrx_word' id='word_1_368' title='bbox 2039 3941 2069 4006; x_wconf 84' lang='lat' dir='ltr'><strong>g)</strong></span> <span class='ocrx_word' id='word_1_369' title='bbox 2087 3955 2198 3992; x_wconf 70' lang='lat' dir='ltr'><strong>cerr-rm</strong></span> <span class='ocrx_word' id='word_1_370' title='bbox 2215 3935 2255 3993; x_wconf 83' lang='lat' dir='ltr'><strong>st.</strong></span> 
     </span>
     <span class='ocr_line' id='line_1_29' title="bbox 723 4015 2225 4088; baseline 0.004 -16"><span class='ocrx_word' id='word_1_371' title='bbox 723 4019 810 4072; x_wconf 57' lang='lat' dir='ltr'><strong>currit</strong></span> <span class='ocrx_word' id='word_1_372' title='bbox 824 4017 851 4074; x_wconf 92' lang='lat' dir='ltr'><strong>h.</strong></span> <span class='ocrx_word' id='word_1_373' title='bbox 870 4049 901 4060; x_wconf 92' lang='lat'>-</span> <span class='ocrx_word' id='word_1_374' title='bbox 919 4019 948 4088; x_wconf 83' lang='lat' dir='ltr'><strong>h)</strong></span> <span class='ocrx_word' id='word_1_375' title='bbox 966 4020 1090 4088; x_wconf 65' lang='lat' dir='ltr'><strong>hortm,</strong></span> <span class='ocrx_word' id='word_1_376' title='bbox 1107 4020 1196 4073; x_wconf 80' lang='lat' dir='ltr'><strong>hostio</strong></span> <span class='ocrx_word' id='word_1_377' title='bbox 1213 4017 1315 4087; x_wconf 80' lang='lat' dir='ltr'><strong>passim</strong></span> <span class='ocrx_word' id='word_1_378' title='bbox 1333 4015 1373 4072; x_wconf 82' lang='lat' dir='ltr'><strong>St.</strong></span> <span class='ocrx_word' id='word_1_379' title='bbox 1392 4047 1424 4058; x_wconf 90' lang='lat'>-</span> <span class='ocrx_word' id='word_1_380' title='bbox 1441 4016 1461 4086; x_wconf 89' lang='lat' dir='ltr'><strong>i)</strong></span> <span class='ocrx_word' id='word_1_381' title='bbox 1477 4018 1531 4072; x_wconf 77' lang='lat' dir='ltr'><strong>crit</strong></span> <span class='ocrx_word' id='word_1_382' title='bbox 1549 4016 1581 4072; x_wconf 90' lang='lat' dir='ltr'><strong>St</strong></span> <span class='ocrx_word' id='word_1_383' title='bbox 1595 4017 1621 4071; x_wconf 92' lang='lat' dir='ltr'><strong>h.</strong></span> <span class='ocrx_word' id='word_1_384' title='bbox 1640 4019 1696 4072; x_wconf 75' lang='lat' dir='ltr'><strong>scic</strong></span> <span class='ocrx_word' id='word_1_385' title='bbox 1711 4018 1776 4073; x_wconf 82' lang='lat' dir='ltr'><strong>cod.</strong></span> <span class='ocrx_word' id='word_1_386' title='bbox 1797 4018 1877 4072; x_wconf 87' lang='lat' dir='ltr'><strong>Bern.</strong></span> <span class='ocrx_word' id='word_1_387' title='bbox 1898 4049 1930 4058; x_wconf 94' lang='lat'>-</span> <span class='ocrx_word' id='word_1_388' title='bbox 1950 4019 1980 4084; x_wconf 83' lang='lat' dir='ltr'><strong>k)</strong></span> <span class='ocrx_word' id='word_1_389' title='bbox 1997 4037 2057 4073; x_wconf 75' lang='lat' dir='ltr'><strong>mum</strong></span> <span class='ocrx_word' id='word_1_390' title='bbox 2076 4020 2114 4075; x_wconf 75' lang='lat' dir='ltr'><strong>st</strong></span> <span class='ocrx_word' id='word_1_391' title='bbox 2133 4022 2181 4075; x_wconf 83' lang='lat' dir='ltr'><strong>rub</strong></span> <span class='ocrx_word' id='word_1_392' title='bbox 2198 4020 2225 4078; x_wconf 88' lang='lat' dir='ltr'><strong>h.</strong></span> 
     </span>
    </p>
   </div>
   <div class='ocr_carea' id='block_1_4' title="bbox 578 4205 2257 6061">
    <p class='ocr_par' dir='ltr' id='par_1_4' title="bbox 578 4205 2257 6061">
     <span class='ocr_line' id='line_1_30' title="bbox 589 4205 2257 4270; baseline 0 -3"><span class='ocrx_word' id='word_1_393' title='bbox 589 4206 626 4268; x_wconf 93' lang='lat' dir='ltr'><strong>V.</strong></span> <span class='ocrx_word' id='word_1_394' title='bbox 643 4205 794 4266; x_wconf 89' lang='lat' dir='ltr'><strong>Robinson</strong></span> <span class='ocrx_word' id='word_1_395' title='bbox 817 4205 883 4266; x_wconf 91' lang='lat' dir='ltr'><strong>Pal.</strong></span> <span class='ocrx_word' id='word_1_396' title='bbox 905 4208 945 4268; x_wconf 90' lang='lat'><strong>11.</strong></span> <span class='ocrx_word' id='word_1_397' title='bbox 968 4213 1035 4270; x_wconf 81' lang='lat'><strong>203.</strong></span> <span class='ocrx_word' id='word_1_398' title='bbox 1079 4208 1193 4268; x_wconf 85' lang='lat' dir='ltr'><strong>Tobler</strong></span> <span class='ocrx_word' id='word_1_399' title='bbox 1211 4208 1269 4267; x_wconf 90' lang='lat' dir='ltr'><strong>Die</strong></span> <span class='ocrx_word' id='word_1_400' title='bbox 1290 4205 1403 4267; x_wconf 86' lang='lat' dir='ltr'><strong>Siloah·</strong></span> <span class='ocrx_word' id='word_1_401' title='bbox 1445 4217 1490 4265; x_wconf 90' lang='lat' dir='ltr'><strong>est</strong></span> <span class='ocrx_word' id='word_1_402' title='bbox 1515 4205 1626 4265; x_wconf 86' lang='lat' dir='ltr'><strong>fontem</strong></span> <span class='ocrx_word' id='word_1_403' title='bbox 1653 4205 1788 4266; x_wconf 88' lang='lat' dir='ltr'><strong>draconis</strong></span> <span class='ocrx_word' id='word_1_404' title='bbox 1815 4207 1971 4265; x_wconf 82' lang='lat' dir='ltr'><strong>convenire</strong></span> <span class='ocrx_word' id='word_1_405' title='bbox 1999 4205 2167 4266; x_wconf 70' lang='lat' dir='ltr'><strong>insontem</strong></span> <span class='ocrx_word' id='word_1_406' title='bbox 2195 4206 2257 4267; x_wconf 82' lang='lat' dir='ltr'><strong>Ma·</strong></span> 
     </span>
     <span class='ocr_line' id='line_1_31' title="bbox 589 4304 2256 4388; baseline -0.002 -22"><span class='ocrx_word' id='word_1_407' title='bbox 589 4307 686 4388; x_wconf 86' lang='lat' dir='ltr'><strong>quelle</strong></span> <span class='ocrx_word' id='word_1_408' title='bbox 705 4329 735 4386; x_wconf 91' lang='lat' dir='ltr'><strong>p.</strong></span> <span class='ocrx_word' id='word_1_409' title='bbox 761 4309 826 4366; x_wconf 87' lang='grc'><strong>183.</strong></span> <span class='ocrx_word' id='word_1_410' title='bbox 1443 4305 1519 4376; x_wconf 88' lang='lat' dir='ltr'><strong>riae,</strong></span> <span class='ocrx_word' id='word_1_411' title='bbox 1546 4305 1638 4364; x_wconf 88' lang='lat' dir='ltr'><strong>citans</strong></span> <span class='ocrx_word' id='word_1_412' title='bbox 1659 4304 1755 4363; x_wconf 88' lang='lat' dir='ltr'><strong>varios</strong></span> <span class='ocrx_word' id='word_1_413' title='bbox 1779 4305 1932 4383; x_wconf 87' lang='lat' dir='ltr'><strong>scriptores</strong></span> <span class='ocrx_word' id='word_1_414' title='bbox 1954 4305 2143 4365; x_wconf 82' lang='lat' dir='ltr'><strong>annotatione</strong></span> <span class='ocrx_word' id='word_1_415' title='bbox 2164 4309 2182 4366; x_wconf 81' lang='grc'>3</span> <span class='ocrx_word' id='word_1_416' title='bbox 2205 4325 2256 4385; x_wconf 82' lang='grc' dir='ltr'>ριι·</span> 
     </span>
     <span class='ocr_line' id='line_1_32' title="bbox 651 4401 2257 4482; baseline -0.002 -16"><span class='ocrx_word' id='word_1_417' title='bbox 651 4409 722 4479; x_wconf 91' lang='grc'>465)</span> <span class='ocrx_word' id='word_1_418' title='bbox 744 4405 919 4481; x_wconf 78' lang='lat' dir='ltr'><strong>Sepulcrum</strong></span> <span class='ocrx_word' id='word_1_419' title='bbox 942 4437 979 4446; x_wconf 88' lang='lat'><strong>—-</strong></span> <span class='ocrx_word' id='word_1_420' title='bbox 1009 4405 1134 4482; x_wconf 77' lang='lat' dir='ltr'><strong>cirpiuia</strong></span> <span class='ocrx_word' id='word_1_421' title='bbox 1158 4407 1295 4482; x_wconf 72' lang='lat' dir='ltr'><strong>pluriora]</strong></span> <span class='ocrx_word' id='word_1_422' title='bbox 1324 4427 1403 4465; x_wconf 90' lang='lat' dir='ltr'><strong>nnnc</strong></span> <span class='ocrx_word' id='word_1_423' title='bbox 1443 4403 1583 4478; x_wconf 83' lang='lat' dir='ltr'><strong>ginaeII.</strong></span> <span class='ocrx_word' id='word_1_424' title='bbox 1616 4403 1802 4464; x_wconf 89' lang='lat' dir='ltr'><strong>Burchardus</strong></span> <span class='ocrx_word' id='word_1_425' title='bbox 1821 4423 1890 4462; x_wconf 89' lang='lat' dir='ltr'><strong>vero</strong></span> <span class='ocrx_word' id='word_1_426' title='bbox 1913 4402 1941 4462; x_wconf 90' lang='lat' dir='ltr'><strong>h.</strong></span> <span class='ocrx_word' id='word_1_427' title='bbox 1954 4402 1973 4461; x_wconf 94' lang='lat' dir='ltr'><strong>l.</strong></span> <span class='ocrx_word' id='word_1_428' title='bbox 1996 4401 2121 4462; x_wconf 86' lang='lat' dir='ltr'><strong>eundem</strong></span> <span class='ocrx_word' id='word_1_429' title='bbox 2137 4404 2257 4477; x_wconf 79' lang='lat' dir='ltr'><strong>fontem,</strong></span> 
     </span>
     <span class='ocr_line' id='line_1_33' title="bbox 578 4499 2254 4580; baseline 0 -18"><span class='ocrx_word' id='word_1_430' title='bbox 578 4503 836 4579; x_wconf 77' lang='lat' dir='ltr'><strong>Dachesmanjeh</strong></span> <span class='ocrx_word' id='word_1_431' title='bbox 861 4523 882 4562; x_wconf 90' lang='lat' dir='ltr'><strong>s.</strong></span> <span class='ocrx_word' id='word_1_432' title='bbox 904 4501 969 4561; x_wconf 85' lang='lat' dir='ltr'><strong>Sitti</strong></span> <span class='ocrx_word' id='word_1_433' title='bbox 988 4503 1120 4562; x_wconf 85' lang='lat' dir='ltr'><strong>Mariam.</strong></span> <span class='ocrx_word' id='word_1_434' title='bbox 1167 4503 1204 4567; x_wconf 89' lang='lat' dir='ltr'><strong>V.</strong></span> <span class='ocrx_word' id='word_1_435' title='bbox 1219 4504 1330 4564; x_wconf 87' lang='lat' dir='ltr'><strong>Tobler</strong></span> <span class='ocrx_word' id='word_1_436' title='bbox 1344 4505 1401 4564; x_wconf 91' lang='lat' dir='ltr'><strong>Die</strong></span> <span class='ocrx_word' id='word_1_437' title='bbox 1443 4519 1529 4579; x_wconf 87' lang='lat' dir='ltr'><strong>quem</strong></span> <span class='ocrx_word' id='word_1_438' title='bbox 1553 4499 1682 4561; x_wconf 86' lang='lat' dir='ltr'><strong>Toblero</strong></span> <span class='ocrx_word' id='word_1_439' title='bbox 1704 4503 1761 4562; x_wconf 90' lang='lat' dir='ltr'><strong>Die</strong></span> <span class='ocrx_word' id='word_1_440' title='bbox 1784 4500 1987 4580; x_wconf 76' lang='lat' dir='ltr'><strong>Siloahquelle</strong></span> <span class='ocrx_word' id='word_1_441' title='bbox 2007 4523 2035 4580; x_wconf 91' lang='lat' dir='ltr'><strong>p.</strong></span> <span class='ocrx_word' id='word_1_442' title='bbox 2062 4506 2118 4561; x_wconf 90' lang='grc'><strong>170</strong></span> <span class='ocrx_word' id='word_1_443' title='bbox 2147 4507 2254 4563; x_wconf 86' lang='lat' dir='ltr'><strong>nota5</strong></span> 
     </span>
     <span class='ocr_line' id='line_1_34' title="bbox 589 4599 2256 4682; baseline -0.002 -20"><span class='ocrx_word' id='word_1_444' title='bbox 589 4602 788 4682; x_wconf 84' lang='lat' dir='ltr'><strong>Siloahquelle</strong></span> <span class='ocrx_word' id='word_1_445' title='bbox 814 4623 842 4680; x_wconf 89' lang='lat' dir='ltr'><strong>p.</strong></span> <span class='ocrx_word' id='word_1_446' title='bbox 869 4607 1047 4662; x_wconf 81' lang='grc'><strong>143-191.</strong></span> <span class='ocrx_word' id='word_1_447' title='bbox 1105 4601 1256 4662; x_wconf 82' lang='lat' dir='ltr'><strong>Robinson</strong></span> <span class='ocrx_word' id='word_1_448' title='bbox 1283 4602 1347 4664; x_wconf 89' lang='lat' dir='ltr'><strong>Pal.</strong></span> <span class='ocrx_word' id='word_1_449' title='bbox 1376 4606 1399 4665; x_wconf 95' lang='grc' dir='ltr'><strong>Ι,</strong></span> <span class='ocrx_word' id='word_1_450' title='bbox 1443 4599 1587 4658; x_wconf 84' lang='lat' dir='ltr'><strong>referente</strong></span> <span class='ocrx_word' id='word_1_451' title='bbox 1621 4600 1671 4658; x_wconf 89' lang='lat' dir='ltr'><strong>alii</strong></span> <span class='ocrx_word' id='word_1_452' title='bbox 1704 4621 1819 4681; x_wconf 91' lang='lat' dir='ltr'><strong>quoqne</strong></span> <span class='ocrx_word' id='word_1_453' title='bbox 1846 4601 2078 4678; x_wconf 83' lang='lat' dir='ltr'><strong>peregrinatores</strong></span> <span class='ocrx_word' id='word_1_454' title='bbox 2108 4599 2256 4659; x_wconf 88' lang='lat' dir='ltr'><strong>collauda·</strong></span> 
     </span>
     <span class='ocr_line' id='line_1_35' title="bbox 588 4697 2256 4778; baseline -0.003 -15"><span class='ocrx_word' id='word_1_455' title='bbox 588 4706 647 4764; x_wconf 89' lang='grc'><strong>388</strong></span> <span class='ocrx_word' id='word_1_456' title='bbox 668 4712 726 4761; x_wconf 89' lang='lat' dir='ltr'><strong>not.</strong></span> <span class='ocrx_word' id='word_1_457' title='bbox 753 4707 777 4761; x_wconf 88' lang='lat'><strong>1.</strong></span> <span class='ocrx_word' id='word_1_458' title='bbox 1443 4708 1517 4771; x_wconf 87' lang='lat' dir='ltr'><strong>runt,</strong></span> <span class='ocrx_word' id='word_1_459' title='bbox 1540 4699 1621 4758; x_wconf 88' lang='lat' dir='ltr'><strong>fonte</strong></span> <span class='ocrx_word' id='word_1_460' title='bbox 1643 4699 1753 4758; x_wconf 85' lang='lat' dir='ltr'><strong>Mariae</strong></span> <span class='ocrx_word' id='word_1_461' title='bbox 1772 4697 1921 4778; x_wconf 86' lang='lat' dir='ltr'><strong>aliquanto</strong></span> <span class='ocrx_word' id='word_1_462' title='bbox 1944 4700 2076 4777; x_wconf 89' lang='lat' dir='ltr'><strong>superius</strong></span> <span class='ocrx_word' id='word_1_463' title='bbox 2098 4717 2115 4756; x_wconf 95' lang='lat' dir='ltr'><strong>e</strong></span> <span class='ocrx_word' id='word_1_464' title='bbox 2136 4700 2256 4776; x_wconf 80' lang='lat' dir='ltr'><strong>regione</strong></span> 
     </span>
     <span class='ocr_line' id='line_1_36' title="bbox 651 4796 2257 4878; baseline -0.003 -17"><span class='ocrx_word' id='word_1_465' title='bbox 651 4805 722 4872; x_wconf 93' lang='grc'>466)</span> <span class='ocrx_word' id='word_1_466' title='bbox 735 4819 847 4875; x_wconf 84' lang='lat' dir='ltr'><strong>parum</strong></span> <span class='ocrx_word' id='word_1_467' title='bbox 862 4809 958 4856; x_wconf 82' lang='lat' dir='ltr'><strong>tamen</strong></span> <span class='ocrx_word' id='word_1_468' title='bbox 972 4831 1010 4840; x_wconf 92' lang='lat'><strong>-—</strong></span> <span class='ocrx_word' id='word_1_469' title='bbox 1026 4799 1268 4878; x_wconf 82' lang='lat' dir='ltr'><strong>superficicerut]</strong></span> <span class='ocrx_word' id='word_1_470' title='bbox 1283 4801 1331 4859; x_wconf 92' lang='lat' dir='ltr'><strong>De</strong></span> <span class='ocrx_word' id='word_1_471' title='bbox 1345 4800 1401 4860; x_wconf 92' lang='lat' dir='ltr'><strong>hoc</strong></span> <span class='ocrx_word' id='word_1_472' title='bbox 1442 4807 1543 4876; x_wconf 89' lang='lat' dir='ltr'><strong>portae</strong></span> <span class='ocrx_word' id='word_1_473' title='bbox 1576 4798 1661 4856; x_wconf 89' lang='lat' dir='ltr'><strong>vallis</strong></span> <span class='ocrx_word' id='word_1_474' title='bbox 1684 4797 1826 4876; x_wconf 87' lang='lat' dir='ltr'><strong>iosaphat</strong></span> <span class='ocrx_word' id='word_1_475' title='bbox 1852 4797 1939 4856; x_wconf 92' lang='lat' dir='ltr'><strong>situm</strong></span> <span class='ocrx_word' id='word_1_476' title='bbox 1967 4797 2044 4858; x_wconf 90' lang='lat' dir='ltr'><strong>dicit.</strong></span> <span class='ocrx_word' id='word_1_477' title='bbox 2097 4796 2154 4856; x_wconf 79' lang='lat' dir='ltr'><strong>Est</strong></span> <span class='ocrx_word' id='word_1_478' title='bbox 2179 4796 2257 4856; x_wconf 92' lang='lat' dir='ltr'><strong>idem</strong></span> 
     </span>
     <span class='ocr_line' id='line_1_37' title="bbox 587 4893 2256 4978; baseline -0.002 -19"><span class='ocrx_word' id='word_1_479' title='bbox 587 4897 747 4958; x_wconf 86' lang='lat' dir='ltr'><strong>Burchardi</strong></span> <span class='ocrx_word' id='word_1_480' title='bbox 769 4898 834 4956; x_wconf 89' lang='lat' dir='ltr'><strong>loco</strong></span> <span class='ocrx_word' id='word_1_481' title='bbox 855 4917 882 4958; x_wconf 88' lang='lat' dir='ltr'><strong>v.</strong></span> <span class='ocrx_word' id='word_1_482' title='bbox 905 4897 1017 4956; x_wconf 78' lang='lat' dir='ltr'><strong>&#39;I&#39;obler</strong></span> <span class='ocrx_word' id='word_1_483' title='bbox 1036 4898 1094 4957; x_wconf 88' lang='lat' dir='ltr'><strong>Die</strong></span> <span class='ocrx_word' id='word_1_484' title='bbox 1115 4895 1245 4977; x_wconf 87' lang='lat' dir='ltr'><strong>Siloahq.</strong></span> <span class='ocrx_word' id='word_1_485' title='bbox 1266 4919 1294 4978; x_wconf 89' lang='lat' dir='ltr'><strong>p.</strong></span> <span class='ocrx_word' id='word_1_486' title='bbox 1313 4903 1378 4960; x_wconf 84' lang='grc'><strong>183.</strong></span> <span class='ocrx_word' id='word_1_487' title='bbox 1442 4893 1526 4970; x_wconf 76' lang='lat' dir='ltr'><strong>tous,</strong></span> <span class='ocrx_word' id='word_1_488' title='bbox 1554 4915 1641 4974; x_wconf 89' lang='lat' dir='ltr'><strong>quem</strong></span> <span class='ocrx_word' id='word_1_489' title='bbox 1662 4904 1889 4955; x_wconf 87' lang='lat' dir='ltr'><strong>commemorant</strong></span> <span class='ocrx_word' id='word_1_490' title='bbox 1909 4895 2071 4968; x_wconf 85' lang='lat' dir='ltr'><strong>Helfricus,</strong></span> <span class='ocrx_word' id='word_1_491' title='bbox 2091 4895 2256 4967; x_wconf 86' lang='lat' dir='ltr'><strong>Briemlius,</strong></span> 
     </span>
     <span class='ocr_line' id='line_1_38' title="bbox 650 4993 2255 5074; baseline -0.004 -14"><span class='ocrx_word' id='word_1_492' title='bbox 650 5003 722 5072; x_wconf 87' lang='grc'>467)</span> <span class='ocrx_word' id='word_1_493' title='bbox 745 4996 880 5055; x_wconf 79' lang='lat' dir='ltr'><strong>Ecclesia</strong></span> <span class='ocrx_word' id='word_1_494' title='bbox 896 4994 1025 5070; x_wconf 79' lang='lat' dir='ltr'><strong>humida]</strong></span> <span class='ocrx_word' id='word_1_495' title='bbox 1041 4996 1087 5054; x_wconf 92' lang='lat' dir='ltr'><strong>De</strong></span> <span class='ocrx_word' id='word_1_496' title='bbox 1100 4995 1143 5056; x_wconf 90' lang='lat' dir='ltr'><strong>his</strong></span> <span class='ocrx_word' id='word_1_497' title='bbox 1160 4995 1321 5056; x_wconf 89' lang='lat' dir='ltr'><strong>Burchardi</strong></span> <span class='ocrx_word' id='word_1_498' title='bbox 1336 5017 1400 5056; x_wconf 86' lang='lat' dir='ltr'><strong>ver·</strong></span> <span class='ocrx_word' id='word_1_499' title='bbox 1441 4994 1636 5071; x_wconf 74' lang='lat' dir='ltr'><strong>Lusignmns,</strong></span> <span class='ocrx_word' id='word_1_500' title='bbox 1657 5014 1744 5074; x_wconf 90' lang='lat' dir='ltr'><strong>quem</strong></span> <span class='ocrx_word' id='word_1_501' title='bbox 1765 4994 1851 5070; x_wconf 86' lang='lat' dir='ltr'><strong>igitur</strong></span> <span class='ocrx_word' id='word_1_502' title='bbox 1872 5013 1890 5052; x_wconf 90' lang='lat' dir='ltr'><strong>a</strong></span> <span class='ocrx_word' id='word_1_503' title='bbox 1912 4993 2079 5054; x_wconf 89' lang='lat' dir='ltr'><strong>Burchardo</strong></span> <span class='ocrx_word' id='word_1_504' title='bbox 2101 4997 2159 5054; x_wconf 85' lang='lat' dir='ltr'><strong>iam</strong></span> <span class='ocrx_word' id='word_1_505' title='bbox 2179 5015 2255 5054; x_wconf 85' lang='lat' dir='ltr'><strong>corn·</strong></span> 
     </span>
     <span class='ocr_line' id='line_1_39' title="bbox 587 5090 2255 5174; baseline -0.002 -18"><span class='ocrx_word' id='word_1_506' title='bbox 587 5095 631 5156; x_wconf 90' lang='lat' dir='ltr'><strong>his</strong></span> <span class='ocrx_word' id='word_1_507' title='bbox 653 5119 680 5158; x_wconf 86' lang='grc' dir='ltr'><strong>ν.</strong></span> <span class='ocrx_word' id='word_1_508' title='bbox 703 5096 815 5155; x_wconf 81' lang='grc' dir='ltr'><strong>Το1ιΙει</strong></span> <span class='ocrx_word' id='word_1_509' title='bbox 837 5095 894 5154; x_wconf 92' lang='lat' dir='ltr'><strong>Die</strong></span> <span class='ocrx_word' id='word_1_510' title='bbox 916 5093 1116 5174; x_wconf 86' lang='lat' dir='ltr'><strong>Siloahquelle</strong></span> <span class='ocrx_word' id='word_1_511' title='bbox 1137 5115 1165 5174; x_wconf 90' lang='lat' dir='ltr'><strong>p.</strong></span> <span class='ocrx_word' id='word_1_512' title='bbox 1191 5099 1255 5156; x_wconf 88' lang='grc'><strong>186.</strong></span> <span class='ocrx_word' id='word_1_513' title='bbox 1440 5105 1630 5153; x_wconf 89' lang='lat' dir='ltr'><strong>memoratum</strong></span> <span class='ocrx_word' id='word_1_514' title='bbox 1660 5112 1726 5152; x_wconf 89' lang='lat' dir='ltr'><strong>esse</strong></span> <span class='ocrx_word' id='word_1_515' title='bbox 1753 5090 1894 5152; x_wconf 86' lang='lat' dir='ltr'><strong>videmus.</strong></span> <span class='ocrx_word' id='word_1_516' title='bbox 1939 5090 2026 5165; x_wconf 80' lang='lat' dir='ltr'><strong>Quod</strong></span> <span class='ocrx_word' id='word_1_517' title='bbox 2047 5092 2122 5172; x_wconf 77' lang='lat' dir='ltr'><strong>{ugit</strong></span> <span class='ocrx_word' id='word_1_518' title='bbox 2144 5092 2255 5152; x_wconf 87' lang='lat' dir='ltr'><strong>Toble·</strong></span> 
     </span>
     <span class='ocr_line' id='line_1_40' title="bbox 649 5189 2254 5272; baseline -0.001 -18"><span class='ocrx_word' id='word_1_519' title='bbox 649 5199 720 5268; x_wconf 89' lang='grc'><strong>468)</strong></span> <span class='ocrx_word' id='word_1_520' title='bbox 743 5195 813 5272; x_wconf 82' lang='lat' dir='ltr'><strong>quio</strong></span> <span class='ocrx_word' id='word_1_521' title='bbox 841 5207 958 5255; x_wconf 83' lang='lat' dir='ltr'><strong>torrens</strong></span> <span class='ocrx_word' id='word_1_522' title='bbox 982 5192 1107 5268; x_wconf 75' lang='lat' dir='ltr'><strong>Cedros]</strong></span> <span class='ocrx_word' id='word_1_523' title='bbox 1138 5191 1185 5254; x_wconf 86' lang='lat' dir='ltr'><strong>cf.</strong></span> <span class='ocrx_word' id='word_1_524' title='bbox 1207 5193 1320 5253; x_wconf 77' lang='lat' dir='ltr'><strong>&#39;I&#39;obler</strong></span> <span class='ocrx_word' id='word_1_525' title='bbox 1343 5194 1400 5254; x_wconf 90' lang='lat' dir='ltr'><strong>Die</strong></span> <span class='ocrx_word' id='word_1_526' title='bbox 1440 5212 1513 5262; x_wconf 88' lang='lat' dir='ltr'><strong>rum,</strong></span> <span class='ocrx_word' id='word_1_527' title='bbox 1532 5194 1581 5271; x_wconf 90' lang='lat' dir='ltr'><strong>qni</strong></span> <span class='ocrx_word' id='word_1_528' title='bbox 1603 5213 1681 5252; x_wconf 89' lang='lat' dir='ltr'><strong>anno</strong></span> <span class='ocrx_word' id='word_1_529' title='bbox 1704 5190 1821 5250; x_wconf 89' lang='lat' dir='ltr'><strong>demum</strong></span> <span class='ocrx_word' id='word_1_530' title='bbox 1848 5194 1923 5251; x_wconf 85' lang='grc'><strong>1483</strong></span> <span class='ocrx_word' id='word_1_531' title='bbox 1946 5192 2067 5270; x_wconf 89' lang='lat' dir='ltr'><strong>primam</strong></span> <span class='ocrx_word' id='word_1_532' title='bbox 2089 5193 2152 5250; x_wconf 89' lang='lat' dir='ltr'><strong>eius</strong></span> <span class='ocrx_word' id='word_1_533' title='bbox 2173 5189 2254 5252; x_wconf 84' lang='lat' dir='ltr'><strong>men·</strong></span> 
     </span>
     <span class='ocr_line' id='line_1_41' title="bbox 587 5289 1919 5373; baseline 0.002 -22"><span class='ocrx_word' id='word_1_534' title='bbox 587 5291 715 5372; x_wconf 83' lang='lat' dir='ltr'><strong>Siloahq.</strong></span> <span class='ocrx_word' id='word_1_535' title='bbox 739 5315 766 5373; x_wconf 89' lang='lat' dir='ltr'><strong>p.</strong></span> <span class='ocrx_word' id='word_1_536' title='bbox 794 5297 858 5366; x_wconf 83' lang='lat'><strong>185,</strong></span> <span class='ocrx_word' id='word_1_537' title='bbox 880 5292 929 5352; x_wconf 90' lang='lat' dir='ltr'><strong>ubi</strong></span> <span class='ocrx_word' id='word_1_538' title='bbox 951 5293 1015 5370; x_wconf 85' lang='lat' dir='ltr'><strong>ipsa</strong></span> <span class='ocrx_word' id='word_1_539' title='bbox 1030 5289 1189 5350; x_wconf 85' lang='lat' dir='ltr'><strong>Burchardi</strong></span> <span class='ocrx_word' id='word_1_540' title='bbox 1212 5293 1302 5352; x_wconf 84' lang='lat' dir='ltr'><strong>verbs</strong></span> <span class='ocrx_word' id='word_1_541' title='bbox 1325 5303 1399 5354; x_wconf 86' lang='lat' dir='ltr'><strong>trac-</strong></span> <span class='ocrx_word' id='word_1_542' title='bbox 1440 5291 1548 5349; x_wconf 86' lang='lat' dir='ltr'><strong>tionem</strong></span> <span class='ocrx_word' id='word_1_543' title='bbox 1570 5291 1677 5349; x_wconf 84' lang='lat' dir='ltr'><strong>factam</strong></span> <span class='ocrx_word' id='word_1_544' title='bbox 1699 5308 1764 5349; x_wconf 84' lang='lat' dir='ltr'><strong>esse</strong></span> <span class='ocrx_word' id='word_1_545' title='bbox 1786 5291 1919 5349; x_wconf 85' lang='lat' dir='ltr'><strong>coniecit.</strong></span> 
     </span>
     <span class='ocr_line' id='line_1_42' title="bbox 586 5387 2252 5468; baseline -0.002 -19"><span class='ocrx_word' id='word_1_546' title='bbox 586 5399 692 5451; x_wconf 86' lang='lat' dir='ltr'><strong>tantur.</strong></span> <span class='ocrx_word' id='word_1_547' title='bbox 1504 5392 1575 5462; x_wconf 80' lang='lat'>472)</span> <span class='ocrx_word' id='word_1_548' title='bbox 1599 5389 1797 5466; x_wconf 65' lang='lat' dir='ltr'><strong>aetermam]</strong></span> <span class='ocrx_word' id='word_1_549' title='bbox 1829 5388 1865 5452; x_wconf 91' lang='lat' dir='ltr'><strong>V.</strong></span> <span class='ocrx_word' id='word_1_550' title='bbox 1895 5389 2008 5450; x_wconf 88' lang='lat' dir='ltr'><strong>Tobler</strong></span> <span class='ocrx_word' id='word_1_551' title='bbox 2034 5390 2091 5449; x_wconf 88' lang='lat' dir='ltr'><strong>Die</strong></span> <span class='ocrx_word' id='word_1_552' title='bbox 2120 5387 2252 5468; x_wconf 81' lang='lat' dir='ltr'><strong>Siloahq,</strong></span> 
     </span>
     <span class='ocr_line' id='line_1_43' title="bbox 648 5485 2253 5567; baseline -0.001 -17"><span class='ocrx_word' id='word_1_553' title='bbox 648 5493 720 5563; x_wconf 88' lang='grc'>469)</span> <span class='ocrx_word' id='word_1_554' title='bbox 742 5491 906 5549; x_wconf 73' lang='lat' dir='ltr'><strong>exsecrans</strong></span> <span class='ocrx_word' id='word_1_555' title='bbox 933 5491 1001 5566; x_wconf 80' lang='lat' dir='ltr'><strong>exit]</strong></span> <span class='ocrx_word' id='word_1_556' title='bbox 1030 5489 1129 5567; x_wconf 81' lang='lat' dir='ltr'><strong>Negat</strong></span> <span class='ocrx_word' id='word_1_557' title='bbox 1159 5488 1215 5548; x_wconf 91' lang='lat' dir='ltr'><strong>hoc</strong></span> <span class='ocrx_word' id='word_1_558' title='bbox 1242 5489 1398 5562; x_wconf 87' lang='lat' dir='ltr'><strong>Tohlerus,</strong></span> <span class='ocrx_word' id='word_1_559' title='bbox 1439 5507 1468 5566; x_wconf 92' lang='lat' dir='ltr'><strong>p.</strong></span> <span class='ocrx_word' id='word_1_560' title='bbox 1494 5491 1671 5548; x_wconf 79' lang='lat' dir='ltr'><strong>ter-222.</strong></span> <span class='ocrx_word' id='word_1_561' title='bbox 1721 5488 1830 5547; x_wconf 81' lang='lat' dir='ltr'><strong>Forma</strong></span> <span class='ocrx_word' id='word_1_562' title='bbox 1858 5485 2052 5548; x_wconf 82' lang='lat' dir='ltr'><strong>Gethsemani</strong></span> <span class='ocrx_word' id='word_1_563' title='bbox 2075 5497 2120 5548; x_wconf 88' lang='lat' dir='ltr'><strong>est</strong></span> <span class='ocrx_word' id='word_1_564' title='bbox 2146 5507 2253 5566; x_wconf 78' lang='lat' dir='ltr'><strong>graeca</strong></span> 
     </span>
     <span class='ocr_line' id='line_1_44' title="bbox 586 5587 2254 5666; baseline -0.002 -18"><span class='ocrx_word' id='word_1_565' title='bbox 586 5589 663 5648; x_wconf 90' lang='lat' dir='ltr'><strong>hunc</strong></span> <span class='ocrx_word' id='word_1_566' title='bbox 692 5589 787 5666; x_wconf 86' lang='lat' dir='ltr'><strong>ipsum</strong></span> <span class='ocrx_word' id='word_1_567' title='bbox 815 5589 911 5648; x_wconf 88' lang='lat' dir='ltr'><strong>locum</strong></span> <span class='ocrx_word' id='word_1_568' title='bbox 943 5598 973 5648; x_wconf 87' lang='lat' dir='ltr'><strong>et</strong></span> <span class='ocrx_word' id='word_1_569' title='bbox 993 5591 1085 5648; x_wconf 85' lang='lat' dir='ltr'><strong>citans</strong></span> <span class='ocrx_word' id='word_1_570' title='bbox 1108 5595 1137 5646; x_wconf 91' lang='lat' dir='ltr'><strong>et</strong></span> <span class='ocrx_word' id='word_1_571' title='bbox 1157 5588 1294 5648; x_wconf 88' lang='lat' dir='ltr'><strong>refellens</strong></span> <span class='ocrx_word' id='word_1_572' title='bbox 1314 5592 1345 5648; x_wconf 91' lang='lat' dir='ltr'><strong>in</strong></span> <span class='ocrx_word' id='word_1_573' title='bbox 1364 5592 1398 5649; x_wconf 91' lang='lat' dir='ltr'><strong>li·</strong></span> <span class='ocrx_word' id='word_1_574' title='bbox 1440 5588 1633 5664; x_wconf 80' lang='grc' dir='ltr'><em>Γεθσημανῆ,</em></span> <span class='ocrx_word' id='word_1_575' title='bbox 1659 5605 1712 5664; x_wconf 83' lang='grc' dir='ltr'><strong>ρει</strong></span> <span class='ocrx_word' id='word_1_576' title='bbox 1738 5587 1900 5646; x_wconf 88' lang='lat' dir='ltr'><strong>itacismum</strong></span> <span class='ocrx_word' id='word_1_577' title='bbox 1926 5587 2017 5656; x_wconf 89' lang='lat' dir='ltr'><strong>lecta,</strong></span> <span class='ocrx_word' id='word_1_578' title='bbox 2050 5595 2083 5644; x_wconf 93' lang='lat' dir='ltr'><strong>nt</strong></span> <span class='ocrx_word' id='word_1_579' title='bbox 2109 5587 2254 5661; x_wconf 77' lang='lat' dir='ltr'><strong>Iordanis,</strong></span> 
     </span>
     <span class='ocr_line' id='line_1_45' title="bbox 585 5679 2251 5767; baseline -0.002 -19"><span class='ocrx_word' id='word_1_580' title='bbox 585 5689 638 5748; x_wconf 91' lang='lat' dir='ltr'><strong>bro</strong></span> <span class='ocrx_word' id='word_1_581' title='bbox 660 5687 798 5764; x_wconf 89' lang='lat' dir='ltr'><strong>inscripto</strong></span> <span class='ocrx_word' id='word_1_582' title='bbox 821 5688 878 5746; x_wconf 91' lang='lat' dir='ltr'><strong>Die</strong></span> <span class='ocrx_word' id='word_1_583' title='bbox 901 5685 1099 5767; x_wconf 87' lang='lat' dir='ltr'><strong>Siloahquelle</strong></span> <span class='ocrx_word' id='word_1_584' title='bbox 1121 5709 1148 5766; x_wconf 90' lang='lat' dir='ltr'><strong>p.</strong></span> <span class='ocrx_word' id='word_1_585' title='bbox 1171 5691 1236 5748; x_wconf 88' lang='grc'><strong>185.</strong></span> <span class='ocrx_word' id='word_1_586' title='bbox 1438 5706 1499 5744; x_wconf 91' lang='lat' dir='ltr'><strong>non</strong></span> <span class='ocrx_word' id='word_1_587' title='bbox 1521 5685 1670 5758; x_wconf 79' lang='lat' dir='ltr'><strong>Iordanes,</strong></span> <span class='ocrx_word' id='word_1_588' title='bbox 1690 5705 1727 5744; x_wconf 81' lang='lat' dir='ltr'><strong>ex</strong></span> <span class='ocrx_word' id='word_1_589' title='bbox 1748 5705 1853 5763; x_wconf 86' lang='lat' dir='ltr'><strong>graeco</strong></span> <span class='ocrx_word' id='word_1_590' title='bbox 1871 5679 2019 5763; x_wconf 75' lang='grc' dir='ltr'><strong>Ἰορδάνης</strong></span> <span class='ocrx_word' id='word_1_591' title='bbox 2044 5702 2062 5741; x_wconf 92' lang='lat' dir='ltr'><strong>a</strong></span> <span class='ocrx_word' id='word_1_592' title='bbox 2083 5683 2251 5744; x_wconf 86' lang='lat' dir='ltr'><strong>Burchardo</strong></span> 
     </span>
     <span class='ocr_line' id='line_1_46' title="bbox 646 5783 1833 5861; baseline -0.003 -15"><span class='ocrx_word' id='word_1_593' title='bbox 646 5786 718 5858; x_wconf 90' lang='grc'>470)</span> <span class='ocrx_word' id='word_1_594' title='bbox 741 5784 772 5842; x_wconf 82' lang='lat' dir='ltr'><strong>in</strong></span> <span class='ocrx_word' id='word_1_595' title='bbox 792 5787 942 5861; x_wconf 80' lang='lat' dir='ltr'><strong>Ncbemiu]</strong></span> <span class='ocrx_word' id='word_1_596' title='bbox 965 5787 1005 5847; x_wconf 94' lang='lat' dir='ltr'><strong>II.</strong></span> <span class='ocrx_word' id='word_1_597' title='bbox 1029 5791 1075 5848; x_wconf 86' lang='lat'><strong>13.</strong></span> <span class='ocrx_word' id='word_1_598' title='bbox 1437 5794 1467 5844; x_wconf 89' lang='lat' dir='ltr'><strong>et</strong></span> <span class='ocrx_word' id='word_1_599' title='bbox 1489 5785 1554 5843; x_wconf 92' lang='lat' dir='ltr'><strong>aliis</strong></span> <span class='ocrx_word' id='word_1_600' title='bbox 1573 5784 1691 5842; x_wconf 87' lang='lat' dir='ltr'><strong>formari</strong></span> <span class='ocrx_word' id='word_1_601' title='bbox 1710 5783 1833 5844; x_wconf 83' lang='lat' dir='ltr'><strong>videtur.</strong></span> 
     </span>
     <span class='ocr_line' id='line_1_47' title="bbox 648 5879 2251 5963; baseline -0.002 -18"><span class='ocrx_word' id='word_1_602' title='bbox 648 5886 720 5953; x_wconf 91' lang='grc'><strong>471)</strong></span> <span class='ocrx_word' id='word_1_603' title='bbox 735 5887 811 5956; x_wconf 85' lang='lat' dir='ltr'><strong>sous</strong></span> <span class='ocrx_word' id='word_1_604' title='bbox 829 5885 978 5960; x_wconf 80' lang='lat' dir='ltr'><strong>draconis]</strong></span> <span class='ocrx_word' id='word_1_605' title='bbox 1000 5884 1036 5946; x_wconf 92' lang='lat' dir='ltr'><strong>V.</strong></span> <span class='ocrx_word' id='word_1_606' title='bbox 1060 5884 1173 5944; x_wconf 86' lang='lat' dir='ltr'><strong>Tobler</strong></span> <span class='ocrx_word' id='word_1_607' title='bbox 1193 5885 1251 5943; x_wconf 90' lang='lat' dir='ltr'><strong>Die</strong></span> <span class='ocrx_word' id='word_1_608' title='bbox 1266 5882 1411 5963; x_wconf 82' lang='lat' dir='ltr'><strong>Siloahq.‘</strong></span> <span class='ocrx_word' id='word_1_609' title='bbox 1500 5887 1571 5956; x_wconf 84' lang='grc'>473)</span> <span class='ocrx_word' id='word_1_610' title='bbox 1599 5883 1781 5957; x_wconf 81' lang='lat' dir='ltr'><strong>liniamenta]</strong></span> <span class='ocrx_word' id='word_1_611' title='bbox 1817 5879 1849 5938; x_wconf 78' lang='lat' dir='ltr'><strong>si</strong></span> <span class='ocrx_word' id='word_1_612' title='bbox 1876 5898 1965 5959; x_wconf 83' lang='lat' dir='ltr'><strong>supra</strong></span> <span class='ocrx_word' id='word_1_613' title='bbox 1990 5898 2091 5939; x_wconf 84' lang='lat' dir='ltr'><strong>veram</strong></span> <span class='ocrx_word' id='word_1_614' title='bbox 2119 5881 2251 5962; x_wconf 88' lang='lat' dir='ltr'><strong>scriptio-</strong></span> 
     </span>
     <span class='ocr_line' id='line_1_48' title="bbox 584 5978 2252 6061; baseline -0.002 -16"><span class='ocrx_word' id='word_1_615' title='bbox 584 6004 612 6061; x_wconf 87' lang='lat' dir='ltr'><strong>p.</strong></span> <span class='ocrx_word' id='word_1_616' title='bbox 623 5988 654 6045; x_wconf 51' lang='lat'><strong>¹2.</strong></span> <span class='ocrx_word' id='word_1_617' title='bbox 677 5983 771 6042; x_wconf 86' lang='lat' dir='ltr'><strong>Ritter</strong></span> <span class='ocrx_word' id='word_1_618' title='bbox 789 5983 874 6044; x_wconf 88' lang='lat' dir='ltr'><strong>XVI.</strong></span> <span class='ocrx_word' id='word_1_619' title='bbox 893 6002 921 6061; x_wconf 92' lang='lat' dir='ltr'><strong>p.</strong></span> <span class='ocrx_word' id='word_1_620' title='bbox 945 5987 1013 6042; x_wconf 85' lang='grc'><strong>371.</strong></span> <span class='ocrx_word' id='word_1_621' title='bbox 1035 5988 1103 6044; x_wconf 87' lang='grc'><strong>443.</strong></span> <span class='ocrx_word' id='word_1_622' title='bbox 1128 5981 1276 6042; x_wconf 86' lang='lat' dir='ltr'><strong>Toblerns</strong></span> <span class='ocrx_word' id='word_1_623' title='bbox 1295 5992 1398 6042; x_wconf 86' lang='lat' dir='ltr'><strong>auctor</strong></span> <span class='ocrx_word' id='word_1_624' title='bbox 1437 6001 1504 6042; x_wconf 90' lang='lat' dir='ltr'><strong>nem</strong></span> <span class='ocrx_word' id='word_1_625' title='bbox 1540 5983 1705 6041; x_wconf 87' lang='lat' dir='ltr'><strong>coniectura</strong></span> <span class='ocrx_word' id='word_1_626' title='bbox 1736 5978 1862 6040; x_wconf 87' lang='lat' dir='ltr'><strong>assecuti</strong></span> <span class='ocrx_word' id='word_1_627' title='bbox 1893 5999 2009 6052; x_wconf 88' lang='lat' dir='ltr'><strong>sumus,</strong></span> <span class='ocrx_word' id='word_1_628' title='bbox 2050 5979 2098 6039; x_wconf 88' lang='lat' dir='ltr'><strong>hic</strong></span> <span class='ocrx_word' id='word_1_629' title='bbox 2126 6001 2252 6060; x_wconf 89' lang='lat' dir='ltr'><strong>quoqne,</strong></span> 
     </span>
    </p>
   </div>
   <div class='ocr_carea' id='block_1_5' title="bbox 0 0 2646 7042">
    <p class='ocr_par' dir='ltr' id='par_1_5' title="bbox 0 0 2646 7042">
     <span class='ocr_line' id='line_1_49' title="bbox 0 0 2646 7042; baseline 0 6"><span class='ocrx_word' id='word_1_630' title='bbox 0 0 2646 7042; x_wconf 95' lang='lat' dir='ltr'><strong> </strong></span> 
     </span>
    </p>
   </div>
  </div>
 </body>
</html>
