5284 7042
1391 670 1447 731 130

582 845 745 931 episcopi,
775 844 1014 931 archiepiscopi
1039 858 1071 911 61
1092 844 1277 933 patriarche
1297 846 1333 909 in
1355 857 1544 933 perpetuum
1567 870 1629 913 nou
1658 847 1830 913 comedunt
1851 870 1965 913 666666
1988 871 2047 914 666
2070 849 2253 915 condimen·

582 974 649 1025 tum
672 960 827 1041 carnium,
849 982 909 1025 nec
928 962 1031 1025 eciam
1053 983 1113 1047 pro
1134 959 1322 1026 infirmitate
1342 960 1480 1027 mortali.

531 1092 564 1143 61
705 1076 744 1140 In
764 1074 879 1139 habitu
900 1076 970 1141 6166
991 1078 1024 1140 16
1046 1077 1168 1141 6661116
1189 1088 1256 1140 tam
1278 1076 1423 1163 religiosi
1445 1098 1541 1163 quam
1564 1076 1707 1163 episcopi
1730 1100 1841 1144 eorum
1857 1100 2009 1164 magnam
2029 1090 2253 1166 paupertatem

531 1204 564 1257 66
582 1202 613 1255 61
640 1193 862 1255 austeritatem
891 1203 923 1256 et
950 1190 1162 1257 humilitatem
1191 1190 1373 1257 ostendunt.
1415 1192 1453 1257 In
1482 1192 1733 1279 quadragesima
1762 1194 1905 1259 ieiunant
1926 1204 1993 1259 tam
2015 1196 2048 1261 in
2070 1195 2253 1273 Dominica,

531 1324 563 1373 61
582 1330 679 1393 quam
710 1308 744 1370 in
772 1306 845 1371 aliis
875 1306 999 1371 diebus.
1041 1306 1196 1371 Similiter
1218 1308 1380 1371 Nestorini
1414 1328 1511 1393 quam
1533 1306 1678 1373 lacobini
1709 1310 1741 1373 in
1771 1308 2023 1395 quadragesima
2053 1332 2165 1375 omnes
2187 1322 2253 1375 tam

581 1422 728 1509 religiosi
754 1444 851 1510 quam
880 1423 1042 1489 seculares
1069 1422 1156 1487 66116
1184 1422 1280 1488 modo
1309 1422 1514 1487 comederent
1541 1424 1647 1509 pisces
1678 1444 1736 1487 uec
1766 1422 1914 1489 biberent
1934 1426 2062 1506 vinum,
2090 1426 2154 1491 6116
2176 1449 2253 1491 vero

530 1549 563 1599 66
581 1548 728 1625 tempore
755 1537 944 1602 ebrietatem
969 1561 1034 1603 non
1061 1549 1214 1624 reputant
1244 1548 1429 1626 peecatum,
1457 1538 1515 1603 sed
1544 1537 1753 1604 honorificum
1785 1540 1871 1626 quid.
1922 1540 2130 1607 Mendacium
2160 1544 2253 1629 quasi

488 1681 495 1695 ·
581 1653 679 1719 nichil
701 1662 860 1739 reputant.

530 1782 564 1833 66
705 1768 860 1834 Errorem
882 1780 989 1835 autem
1010 1791 1120 1833 eorum
1141 1768 1318 1834 defenduut
1340 1792 1382 1833 ex
1404 1768 1547 1834 duobus:
1570 1770 1675 1855 primo
1698 1773 1775 1857 quia
1792 1770 1911 1849 dieunt,
1935 1771 2022 1859 quod
2036 1772 2126 1837 666111
2143 1796 2253 1839 corum

531 1902 562 1951 61
581 1884 702 1949 habent
723 1886 872 1971 spiritum
893 1884 1076 1971 prophecie.
1118 1884 1163 1949 Et
1185 1885 1363 1949 defuturis
1384 1883 1484 1948 multa
1506 1906 1584 1949 vera
1606 1884 1791 1971 predicunt,
1822 1898 1854 1951 et
1874 1886 1935 1953 hoc
1958 1887 2069 1975 procul
2092 1888 2192 1953 dnbio
2213 1888 2254 1953 de

531 2019 563 2069 66
581 1998 742 2085 aliquibus
763 2022 822 2086 per
843 2002 1081 2085 experienciam
1104 2022 1218 2064 verum
1239 2022 1310 2063 6666
1333 1998 1552 2087 probauimus.
1586 1998 1734 2065 Secundo
1758 2000 1879 2083 dicunt,
1899 2004 1975 2089 quia
1996 2002 2088 2067 multi
2111 2004 2253 2069 maiores

531 2136 563 2186 69
581 2137 692 2180 eorum
719 2114 821 2184 multa
848 2115 1004 2179 miracula
1028 2117 1160 2180 faciunt.
1203 2116 1286 2179 Nam
1314 2114 1402 2201 apud
1430 2136 1485 2179 666
1508 2116 1721 2179 certissimum
1744 2126 1876 2202 putant,
1905 2117 1990 2204 quod
2019 2140 2117 2205 super
2140 2119 2255 2183 Nesto-

531 2232 664 2302 ruriam
690 2230 747 2294 lux
779 2230 820 2295 de
846 2232 915 2297 6616
944 2231 1115 2297 visibiliter
1144 2230 1327 2311 descendit,
1355 2228 1483 2317 quando
1512 2228 1697 2295 celebrabat
1727 2232 1869 2299 missam.
1911 2232 1981 2319 Ipsi
2004 2244 2110 2299 autem
2132 2236 2254 2315 dicunt,

582 2345 669 2435 quod
697 2345 884 2433 patriarcha
904 2370 1032 2427 eorum,
1063 2370 1157 2433 quem
1181 2348 1246 2432 ipsi
1266 2326 1393 2409 vocant·
1405 2348 1506 2407 1666116
1514 2394 1522 2427 ,
1555 2344 1642 2431 quod
1670 2349 1904 2433 iuterpretatur
1926 2355 2103 2411 uniuersalis
2120 2349 2191 2429 ¹⁷⁷),
2219 2350 2254 2415 in

582 2476 752 2541 momento,
773 2464 807 2526 in
823 2464 890 2527 ictu
911 2462 995 2526 66611
1016 2463 1074 2526 1611
1096 2462 1136 2526 616
1149 2460 1304 2543 36111666,
1327 2460 1383 2525 vbi
1406 2472 1454 2525 661
1476 2459 1568 2525 666166
1591 2462 1668 2539 6166,
1691 2464 1841 2549 usquein
1856 2462 2015 2545 Mecham,
2038 2464 2093 2528 vbi
2109 2462 2253 2551 sepultus

531 2571 563 2693 ξὲ
581 2591 630 2642 661
652 2578 884 2643 Machouretus.
925 2577 1036 2642 Distat
1056 2576 1172 2641 Mecha
1191 2600 1212 2640 a
1232 2576 1377 2641 Baldaeo
1399 2577 1471 2663 plus
1496 2600 1592 2663 quam
1624 2578 1759 2663 triginta
1781 2576 1894 2643 dietas.
1938 2578 1982 2643 Et
2008 2578 2108 2645 multa
2132 2579 2252 2645 similia

581 2693 738 2759 miracula
758 2694 901 2758 referunt
925 2694 1087 2759 Nestoriui
1110 2692 1150 2757 de
1173 2694 1238 2757 suis
1260 2692 1410 2757 hereticis
1433 2692 1589 2779 patribus.

532 2824 563 2873 16
706 2810 787 2875 Cum
809 2810 907 2893 igitur
930 2808 1157 2874 accederemus
1177 2809 1220 2873 ad
1242 2831 1297 2874 eos
1319 2810 1352 2872 in
1374 2807 1561 2887 Baldacum,
1581 2806 1637 2873 vbi
1657 2820 1706 2873 est
1728 2806 1822 2873 sedes
1845 2831 1963 2889 eorum,
1984 2820 2177 2897 receperunt
2192 2832 2251 2877 uos

581 2938 749 3012 gratanter
770 2925 877 3010 prima
897 2924 996 3002 faeie,
1025 2923 1083 2989 sed
1106 2924 1234 2999 audito,
1264 2921 1351 3009 quod
1372 2922 1610 3009 predicauimus
1633 2924 1791 3009 virginem
1815 2922 1877 2989 Dei
1901 2926 2090 3009 genitricem
2112 2938 2143 2989 et
2165 2924 2251 2990 dice·

581 3042 707 3120 bamus,
727 3038 812 3127 quod
833 3038 930 3103 beata
951 3038 1057 3105 Maria
1077 3042 1204 3126 peperit
1225 3038 1331 3103 Deum
1354 3050 1385 3103 et
1406 3038 1586 3119 homiuem,
1608 3042 1716 3104 statim
1738 3038 1870 3125 publica
1892 3062 2001 3105 eorum
2024 3040 2251 3127 predicacione

581 3156 847 3222 contradixerant
874 3156 935 3221 hoc
961 3168 993 3221 et
1018 3179 1077 3221 nos
1100 3156 1141 3219 de
1163 3178 1274 3221 eorum
1296 3154 1434 3219 66616616
1454 3155 1591 3241 turpiter
1614 3155 1789 3236 eiecerunt,
1818 3168 1849 3219 et
1876 3156 1982 3242 ipsam
2004 3154 2189 3239 ecclesiam,
2218 3158 2252 3221 in

581 3296 646 3361 qua
671 3270 955 3358 predicauerarnus
983 3282 1097 3337 666166
1118 3271 1317 3351 Nestorium,
1348 3270 1539 3335 leuauerunt
1568 3290 1638 3335 cum
1667 3292 1752 3355 aqua
1776 3292 1927 3353 rosacea,
1958 3282 1988 3335 et
2008 3270 2252 3337 celebrauerunt

580 3387 779 3473 solempnem
800 3389 943 3467 missam,
964 3398 999 3451 61
1020 3409 1092 3451 enm
1114 3386 1292 3473 placarent.

531 3504 563 3554 ⁷4
706 3502 786 3569 Cum
814 3522 891 3566 vero
920 3524 979 3566 uos
1008 3504 1055 3566 616
1082 3503 1251 3567 6166166661
1279 3512 1312 3567 61
1341 3502 1674 3566 excommunicassent
1705 3500 1745 3565 de
1783 3500 1931 3567 omnibus
1961 3502 2105 3567 ecclesiis
2132 3524 2251 3578 eorum,

580 3640 640 3682 nec
660 3617 795 3681 verbum
819 3617 883 3681 Dei
906 3616 1040 3682 anobis
1063 3618 1259 3704 reciperent,
1293 3629 1325 3681 et
1354 3640 1411 3681 uos
1433 3618 1695 3705 conquireremus
1719 3616 1806 3703 apud
1828 3638 1939 3681 eorum
1961 3618 2250 3707 archiepiscopum,

581 3732 667 3818 quod
696 3754 806 3797 seruos
830 3732 907 3815 Dei,
937 3735 1025 3797 61666
1057 3732 1252 3798 christianos
1273 3744 1306 3797 61
1327 3732 1495 3817 religiosos
1517 3732 1754 3819 predicatores,
1782 3732 1836 3820 qui
1858 3731 1898 3797 de
1920 3738 2051 3819 regione
2073 3734 2251 3821 longinqua

580 3850 744 3913 ineramus
764 3848 806 3911 661
827 3870 882 3913 eos
903 3870 1002 3913 causa
1024 3847 1139 3913 salutis
1159 3870 1279 3929 eorum,
1311 3850 1358 3911 616
1379 3847 1587 3929 afflixissent,
1616 3848 1697 3934 ipsi,
1725 3850 1804 3913 moti
1826 3844 1965 3932 quadam
1987 3850 2107 3933 pietate
2129 3850 2249 3935 iniqua,

582 3962 766 4028 obtulerunt
786 3963 881 4028 uobis
902 3964 1021 4029 bonum
1042 3964 1148 4030 locum
1172 3975 1203 4028 et
1223 3963 1392 4028 ecclesiam
1415 3974 1446 4027 et
1467 3964 1651 4027 necessaria
1672 3962 1754 4044 alia,
1777 3962 1838 4027 hoc
1859 3972 1954 4049 pacto
1977 3961 2095 4046 solum,
2123 3964 2209 4051 quod
2231 3987 2250 4030 6

531 4091 564 4141 16
582 4078 808 4166 predicacione
837 4101 1047 4145 cessaremus.
1088 4080 1156 4145 Nos
1179 4092 1288 4144 autem
1308 4078 1449 4144 totaliter
1477 4089 1663 4143 recusantes
1688 4088 1818 4165 pactum
1844 4078 1951 4142 faeere
1979 4099 2049 4143 cum
2071 4081 2197 4145 inferno
2220 4092 2250 4145 61

581 4205 694 4276 morte,
717 4194 879 4278 diximus,
902 4195 989 4281 quod
1009 4218 1070 4261 uos
1090 4198 1254 4261 ineramus
1275 4194 1318 4261 ad
1339 4218 1392 4260 eos
1413 4217 1478 4260 uon
1499 4206 1535 4258 vt
1556 4194 1597 4259 ab
1620 4196 1666 4259 eis
1689 4195 1905 4280 reciperemus
1927 4194 2055 4281 palacia
2078 4195 2129 4258 vel
2152 4194 2250 4261 eccle-

531 4312 664 4392 sosias,
687 4311 744 4375 sed
766 4322 801 4375 61
820 4313 923 4397 gratis
941 4314 987 4377 eis
1009 4312 1251 4399 predicaremus
1272 4310 1407 4375 verbum
1429 4310 1501 4375 Dei.
1545 4310 1724 4376 Contestati
1745 4322 1852 4375 autem
1876 4309 2002 4397 publice
2024 4310 2143 4375 fuimus
2167 4314 2251 4377 inter

580 4449 653 4506 666,
684 4426 770 4512 quod
798 4428 909 4511 pocius
937 4426 1134 4513 eligebamus
1162 4450 1324 4514 pauperes
1352 4426 1499 4491 habitare
1527 4428 1560 4491 in
1583 4428 1742 4491 communi
1766 4428 1820 4489 via
1840 4436 1871 4489 61
1890 4425 1959 4489 6166
1981 4424 2075 4489 domo
2098 4436 2130 4489 61
2151 4425 2251 4491 libere

581 4540 752 4629 predicare
773 4541 849 4605 fidei
869 4544 1039 4607 veritatem
1061 4564 1172 4607 amore
1192 4541 1290 4606 Ihcsu
1306 4541 1439 4621 Christi,
1462 4547 1516 4627 qui
1539 4565 1598 4627 pro
1621 4540 1713 4605 uobis
1735 4552 1830 4605 66166
1852 4554 1901 4605 661
1920 4542 1952 4604 16
1976 4540 2155 4605 (1166666616
2174 4564 2251 4629 pau·

581 4680 656 4743 per,
684 4680 780 4742 quam
808 4679 1006 4745 quecumque
1028 4657 1157 4745 palacia
1177 4656 1228 4721 661
1251 4656 1444 4743 temporalia
1464 4658 1610 4743 recipere
1632 4654 1673 4721 ab
1696 4656 1742 4721 eis
1770 4670 1800 4721 et
1822 4678 1841 4719 a
1864 4655 2089 4743 predicacione
2113 4680 2250 4723 cessare.

531 4786 562 4834 tt
580 4774 660 4838 Post
681 4772 741 4836 hec
761 4773 892 4836 veniens
915 4772 1102 4859 patriarcha
1125 4795 1252 4855 eorum,
1283 4774 1339 4861 qui
1361 4772 1504 4837 distabat
1526 4772 1714 4859 perdecem
1739 4772 1842 4837 dietas
1865 4770 2074 4857 etamplius,
2106 4772 2183 4839 dum
2204 4796 2251 4839 se·

581 4888 671 4953 deret
693 4888 763 4975 ipse
784 4889 971 4974 patriarcha
991 4892 1024 4954 in
1045 4893 1267 4951 ioserclinrctn
1282 4890 1347 4967 ml,
1369 4890 1401 4951 iu
1423 4911 1481 4953 sua
1504 4888 1580 4953 sedo
1604 4887 1771 4969 deaurata,
1794 4900 1824 4950 et
1847 4886 1889 4951 ad
1906 4886 2004 4973 pedes
2020 4890 2087 4951 6166
2103 4890 2249 4977 episcopi
2300 4883 2302 4887 ’

582 5016 613 5067 61
634 5003 872 5090 archiepiscopi
894 5015 926 5068 et
946 5004 1099 5091 religiosi,
1122 5027 1180 5069 nos
1202 5011 1309 5068 autem
1332 5006 1448 5068 armati
1473 5006 1586 5090 gracia
1600 5004 1663 5069 Dei
1685 5005 1730 5068 its
1751 5002 1954 5067 conl'udimus
1978 5026 2097 5087 omues,
2120 5016 2154 5069 vt
2181 5008 2251 5091 ipse

581 5118 770 5205 patriarcha
796 5142 905 5184 coram
933 5120 1081 5185 omnibus
1111 5120 1314 5197 mentiretur,
1345 5128 1375 5181 et
1407 5122 1541 5205 negauit
1570 5142 1604 5185 se
1627 5142 1696 5183 esse
1717 5120 1921 5183 Nestoriuum
1933 5168 1941 5198 ,
1971 5142 2030 5183 nec
2056 5122 2249 5186 imitatorem

532 5210 564 5327 ἐξ
582 5233 731 5298 Nestorii.
773 5234 818 5298 Et
838 5236 925 5299 versi
947 5246 1021 5299 sunt
1042 5258 1152 5299 omnes
1174 5236 1208 5299 iu
1229 5246 1394 5320 stuporem
1417 5234 1457 5299 de
1480 5236 1699 5299 taciturnitate
1721 5258 1829 5300 eorum
1852 5235 2046 5300 6161166616.
2090 5236 2169 5301 Post
2191 5236 2251 5301 hec

646 5440 716 5509 177)
734 5435 838 5495 Codex
857 5435 947 5496 habet
967 5438 1084 5510 insulis,
1113 5436 1191 5517 quod
1210 5437 1394 5509 mutavimus,
1437 5436 1474 5495 cf.
1497 5438 1709 5517 Hieronymum
1740 5436 1778 5497 ad
1803 5437 1957 5497 Paulinum
1988 5438 2250 5517 6666116Ηί666-

580 5534 710 5593 Ritterus
736 5536 813 5593 enim
841 5554 941 5613 geogr.
967 5534 1007 5596 X.
1030 5539 1089 5596 274
1117 5535 1314 5595 Patriarcham
1343 5536 1393 5593 Ia·
1436 5537 1517 5615 nymi
1539 5537 1691 5616 operibus,
1718 5534 1802 5595 editis
1826 5536 1910 5595 Paris
1938 5542 2012 5597 1706
2036 5536 2075 5595 Τ.
2097 5534 2141 5595 IV
2163 5536 2196 5598 P.
2217 5536 2249 5597 Π

582 5635 649 5691 colit
675 5654 697 5692 s.
727 5633 876 5709 1616611616,
908 5632 986 5713 quod
1015 5636 1052 5693 611
1080 5628 1303 5704 rodulende,
1337 5632 1394 5692 61161
1436 5655 1464 5713 p.
1489 5638 1547 5696 568
1570 5646 1599 5695 at
1618 5634 1786 5693 Philostrati
1812 5637 1900 5694 vitam
1925 5634 2074 5713 Apollonii
2097 5634 2196 5714 Tyau.
2218 5636 2248 5695 iu

580 5731 676 5790 tradit.
1436 5734 1530 5792 Flavii
1545 5732 1714 5792 Philostrati
1735 5754 1810 5813 quae
1833 5744 1987 5813 supersunt
2001 5733 2048 5792 ed.
2067 5732 2100 5794 (l.
2114 5732 2150 5793 L.
2166 5732 2248 5813 Kay-

645 5833 713 5903 178)
736 5831 782 5889 116
804 5832 934 5906 lercha,
958 5832 988 5889 iu
1015 5830 1121 5891 throno
1149 5852 1238 5891 aureo
1263 5830 1394 5903 66616616,
1435 5814 1530 5910 serp.
1554 5836 1591 5893 49
1614 5852 1639 5891 6,
1664 5836 1713 5901 30,
1738 5834 1814 5891 61166
1837 5831 1986 5911 Apollonii
2010 5830 2123 5891 l'XVl.

581 5928 897 6010 Gymnosophistarum
937 5928 1039 5988 Indiae
1078 5930 1221 5990 Pontifice
1262 5930 1391 5987 Maximo
