5284 7042
1204 726 1264 789 119

397 900 456 967 der
484 902 638 967 oonoludt
662 924 735 967 enm
762 900 842 969 tiliis
867 904 1043 991 captiuatia
1063 902 1235 970 ludeorurn
1263 904 1339 991 θος
1370 914 1403 969 et
1422 904 1560 989 nagog,
1591 912 1719 987 putem
1746 900 2007 987 aprucisairnam,
2036 914 2068 963 et

396 1016 627 1098 ntultoaalioa,
648 1027 681 1082 et
700 1016 787 1105 quod
806 1019 926 1085 orituri
947 1032 1022 1085 aunt
1039 1022 1073 1086 in
1094 1020 1281 1085 nouissimis
1301 1018 1514 1107 temporibus,
1534 1026 1567 1081 et
1586 1016 1707 1081 sacient
1727 1016 1905 1081 maximam
1925 1024 2066 1099 stragem

396 1132 570 1198 hominurn
612 1130 816 1199 Soloeionern
839 1132 992 1223 relinquo.

899 1316 959 1381 xl.
1000 1316 1064 1381 DE
1084 1314 1227 1381 EXITU
1248 1315 1566 1383 TARTARORUbl.

522 1462 683 1529 Exierunt
709 1488 787 1529 vero
816 1466 862 1529 ita
891 1465 1031 1531 Tartari
1079 1465 1162 1533 cum
1187 1488 1267 1531 vero
1295 1464 1380 1531 vltra
1409 1479 1532 1531 montes
1558 1464 1632 1531 illos
1661 1464 1861 1545 habitarent,
1888 1460 1929 1527 de
1951 1432 2101 1549 quibus}

400 1578 527 1645 videtur
548 1578 657 1644 dicere
677 1579 886 1661 Boecius⁹²),
913 1580 1000 1666 qnod
1027 1580 1071 1647 ad
1100 1604 1157 1646 eoa
1185 1604 1245 1646 nec
1266 1582 1354 1647 sama
1375 1581 1595 1647 Romanomm
1617 1578 1785 1659 veniebat,
1811 1600 1882 1641 eom
1905 1578 2066 1641 essentia

399 1696 479 1759 locis
500 1696 646 1783 quaai⁰⁸)
670 1694 790 1777 bestie,
818 1705 910 1760 erant
937 1710 1086 1783 pastores
1114 1707 1146 1761 et
1171 1695 1382 1761 intendebant
1403 1696 1582 1761 senecioni.
1625 1698 1693 1783 Ipsi
1715 1704 1822 1759 autem
1845 1700 1982 1773 montes,
2012 1692 2100 1779 quia

399 1810 590 1877 diuidebant
616 1834 671 1876 eoa
691 1814 775 1877 inter
795 1810 958 1877 desertum
979 1821 1012 1875 et
1031 1814 1230 1899 prouinciam
1252 1810 1481 1893 habitabilem,
1515 1824 1607 1877 erant
1634 1808 1891 1889 inaccessibiles,
1923 1808 1984 1871 nisi
2007 1828 2065 1893 per

399 1926 560 2013 quendam
582 1926 704 2008 locum,
730 1926 785 1991 vbi
809 1939 879 1991 erat
900 1926 1084 1993 lortilieium
1107 1930 1299 2007 maximum,
1325 1942 1356 1991 et
1376 1926 1482 1993 nullus
1504 1930 1537 1993 iu
1559 1950 1606 1993 eo.
1650 1926 1730 1993 Cum
1753 1936 1859 1989 autem
1884 1922 1928 1989 ibi
1952 1922 2068 2008 aliquis
2087 1936 2104 1985 1

399 2046 693 2131 appropinquaret,
720 2054 829 2107 tantus
850 2042 1045 2108 audiebatur
1065 2042 1219 2109 tumultus
1240 2044 1333 2130 quasi
1357 2066 1509 2131 equorum
1533 2058 1564 2107 et
1586 2043 1749 2109 bominum
1772 2052 1802 2105 et
1825 2044 1967 2105 maxime
1990 2050 2067 2103 stre·

399 2160 485 2245 pitua
516 2158 683 2235 tubarum,
718 2157 804 2245 quod
833 2160 938 2223 omnia
964 2156 1100 2223 audieus
1127 2160 1258 2223 territus
1280 2160 1433 2243 fugiebat.
1478 2160 1549 2223 lloo
1574 2172 1679 2225 autem
1702 2168 1794 2221 eraut
1816 2156 1952 2221 artifieio
1974 2156 2101 2219 ventio

401 2273 541 2353 Quidam
563 2284 670 2339 auum
692 2296 733 2337 ex
757 2272 917 2353 Tartaris,
937 2272 1108 2339 intendens
1131 2276 1311 2352 venacioui,
1335 2288 1461 2339 secutus
1484 2288 1532 2339 est
1554 2296 1651 2339 canes
1671 2284 1899 2361 persequentes
1917 2270 2102 2358 leporcrn.e

399 2388 507 2475 Lepus
535 2411 612 2453 roro
639 2388 761 2454 directe
787 2389 868 2474 sugit
895 2388 939 2453 ad
962 2386 1219 2469 fortilieiutn⁹⁵),
1245 2407 1278 2453 et
1302 2392 1451 2471 intrauit,
1477 2392 1604 2475 lugiens
1633 2412 1738 2455 canes.
1791 2388 1933 2453 Venator
1960 2398 2065 2451 autem
2086 2400 2100 2449 1

400 2502 556 2568 auiditate
582 2504 683 2589 prede
710 2516 743 2567 et
767 2504 954 2569 venacionis
983 2528 1046 2569 non
1072 2504 1214 2571 aduerfit
1241 2504 1427 2587 tumultum,
1457 2517 1581 2571 etcum
1605 2504 1699 2571 valde
1722 2506 1922 2591 propinquus
1942 2506 2069 2569 timeret

397 2620 536 2699 intem,
566 2620 655 2683 venit
684 2618 771 2685 bubo
791 2630 825 2683 et
842 2632 932 2685 stans
953 2642 1053 2707 supra
1072 2632 1200 2708 portam
1221 2624 1307 2709 cepit
1328 2634 1469 2685 eantare.
1512 2620 1605 2685 Tunc
1626 2620 1784 2685 Tartarus
1806 2620 1890 2685 dixit
1911 2620 1996 2683 intra
2017 2635 2102 2691 sege

401 2734 493 2813 „Non
514 2745 563 2799 ent
583 2733 745 2799 habitacio
768 2734 941 2819 hominurn,
962 2734 1018 2801 vbi
1040 2736 1133 2823 lepus
1154 2736 1238 2821 sugit
1258 2747 1291 2801 et
1309 2736 1397 2801 bubo
1419 2740 1558 2801 eantat“
1602 2736 1645 2801 Et
1668 2738 1714 2799 aie
1736 2734 1928 2801 fiducialiter
1944 2736 2069 2799 intrans
2087 2746 2103 2797 1

400 2852 560 2915 neminem
587 2850 718 2915 inuenit
759 2850 804 2916 Et
828 2850 934 2917 locum
960 2850 1103 2917 lustrans
1132 2863 1163 2916 et
1193 2851 1352 2917 fictionem
1379 2852 1532 2918 turnultus
1562 2853 1729 2917 inueniena
1757 2850 1855 2915 rediit
1876 2852 1919 2917 sd
1941 2874 2015 2915 auos
2038 2866 2069 2915 et
2090 2864 2119 2915 to

401 2967 499 3053 peciit
519 2966 590 3029 lieri
612 2966 780 3053 princeps,
808 2968 836 3032 si
859 2966 932 3031 illos
953 2990 1025 3031 cunr
1048 2968 1136 3031 omni
1157 2968 1330 3031 securitate
1352 2968 1585 3033 transduceret.
1630 2968 1672 3031 Et
1694 2970 1740 3031 sic
1763 2970 1969 3031 transierunt
2011 2966 2068 3031 lte·
2089 2978 2115 3029 tt

400 3082 506 3147 luens
528 3082 831 3167 autem‚qu01nodo
850 3083 1030 3147 intrauerat
1050 3106 1187 3169 sequens
1209 3080 1352 3169 leporem
1376 3099 1406 3147 et
1430 3082 1584 3149 indicium
1598 3086 1638 3159 ll)
1662 3080 1815 3163 bubonis,
1838 3082 2070 3147 ordiuauerunt

400 3196 542 3277 Tartari,
564 3196 759 3285 quodlicet
778 3199 972 3263 necessitate
993 3200 1176 3274 coaetustt)
1195 3198 1323 3283 lugeret
1347 3220 1463 3281 canes,
1491 3215 1597 3267 muron
1619 3200 1697 3287 quia
1716 3200 1809 3287 quasi
1831 3198 2068 3286 quodammodo

400 3312 558 3379 indicauit
578 3314 681 3391 viam,
711 3312 829 3399 dignus
850 3328 920 3379 erat
941 3314 1077 3398 bonore,
1111 3327 1144 3379 et
1164 3314 1237 3380 ideo
1256 3312 1415 3380 honorant
1435 3316 1578 3401 leporem
1600 3327 1633 3378 et
1654 3312 1834 3399 depingunt
1854 3336 1926 3379 eurn
1947 3316 1980 3379 in
2001 3315 2071 3379 atala

401 3430 501 3493 arrnia
522 3441 553 3492 et
574 3430 739 3507 tentoriia;
767 3428 927 3495 bubonem
948 3452 1045 3511 vero,
1072 3430 1149 3517 quia
1170 3427 1258 3493 nulla
1279 3432 1471 3495 necessitate
1492 3442 1624 3495 coactus
1646 3432 1800 3517 apparuit
1822 3440 1853 3493 et
1876 3452 1977 3517 supra
1996 3452 2068 3517 por-

400 3558 466 3610 tam
487 3542 604 3609 sedena
626 3546 785 3625 cantauit,
815 3544 926 3609 dieunt
947 3546 1049 3611 luisse
1070 3544 1220 3631 angelum
1242 3546 1321 3626 Dei,
1353 3560 1385 3611 et
1405 3546 1497 3612 Deua
1520 3548 1650 3611 uocauit
1670 3568 1744 3627 eoa,
1772 3556 1806 3609 vt
1828 3548 1982 3611 venirent
2027 3546 2070 3611 Et
2089 3562 2119 3613 11

399 3658 474 3725 ideo
500 3658 661 3725 bubonem
690 3659 843 3727 dixerunt
871 3684 935 3725 non
960 3660 1166 3727 mediocriter
1198 3682 1270 3725 ease
1299 3661 1539 3745 honorandum,
1571 3676 1606 3727 vt
1631 3661 1784 3749 leporem.
1827 3660 2071 3727 Ordinauerunt
2089 3680 2120 3731 ta

400 3798 494 3860 ergo,
523 3772 610 3861 quod
637 3774 843 3841 honorabiles
867 3789 899 3841 et
926 3778 1066 3843 maiores
1088 3774 1303 3841 Tartarorum
1333 3776 1495 3843 deterrent
1524 3776 1666 3865 plumam
1687 3790 1719 3841 ot
1740 3778 1832 3865 quasi
1854 3800 2008 3843 coronam
2030 3778 2071 3843 de

400 3890 485 3978 pelle
510 3888 648 3955 bubonis
671 3914 771 3977 supra
791 3892 955 3980 capillum.
999 3890 1092 3958 Vnde
1115 3892 1163 3957 ita
1181 3892 1371 3959 occiderunt
1393 3916 1504 3959 omnes
1526 3890 1687 3973 bubones,
1720 3892 1806 3981 quod
1829 3894 1888 3957 vix
1909 3896 2070 3959 inuenitur
2090 3909 2120 3961 11

399 4006 516 4093 aliquia
546 4006 579 4069 in
608 4006 756 4091 partibtu
782 4010 926 4075 orientia.
969 4006 1036 4074 Sed
1057 4020 1089 4073 et
1109 4019 1306 4073 mercatores
1326 4008 1534 4095 departibor
1556 4006 1732 4073 occidentia
1754 4008 1906 4073 occidunt
1925 4008 2070 4073 bubones
2090 4024 2120 4073 ta

399 4136 432 4187 et
453 4134 584 4209 portant
602 4122 703 4197 eia⁰⁸l
725 4120 833 4209 pelles.
877 4122 1037 4189 Venditur
1058 4125 1145 4189 enim
1166 4146 1232 4189 vua
1252 4122 1339 4189 bona
1360 4122 1452 4210 pellis
1475 4122 1638 4209 usquead
1661 4124 1778 4207 viginti
1806 4122 1915 4187 libras.
1959 4114 2121 4229 13111311

400 4238 532 4305 Tartari
554 4236 765 4303 reddiderunt
785 4240 890 4305 arnico
911 4262 969 4305 auo
991 4238 1113 4305 buboni
1133 4236 1221 4303 mala
1239 4262 1299 4325 pro
1320 4238 1430 4316 bonis,
1459 4240 1554 4325 quia,
1581 4238 1657 4303 dom
1678 4238 1790 4303 dieunt
1811 4260 1881 4303 eous
1901 4238 2070 4319 bonorare,

400 4378 472 4421 euru
499 4352 668 4419 decorians
696 4366 729 4418 et
756 4353 916 4435 occidunt,
953 4367 985 4420 et
1006 4356 1130 4421 saciant
1149 4356 1249 4430 eia⁰⁰)
1270 4376 1424 4419 eoronam
1446 4355 1486 4419 de
1508 4354 1590 4441 pelle
1613 4354 1720 4431 amici,
1742 4356 1775 4419 in
1796 4352 1858 4419 hoe
1880 4356 2070 4419 conuenien-

400 4486 449 4537 tea
471 4492 542 4535 curn
555 4469 704 4534 Tartaris
725 4468 954 4551 infernalibus,
975 4470 1100 4537 scilieet
1120 4468 1323 4549 demonibus,
1343 4472 1420 4557 quia
1439 4494 1594 4537 eoronam
1616 4470 1679 4535 sibi
1700 4470 1824 4535 facium
1844 4470 1885 4535 de
1900 4470 2071 4537 animabus

401 4598 617 4675 peccatorum,
638 4586 694 4671 qui
715 4586 763 4649 eia
785 4586 940 4665 seruiunt,
958 4608 1086 4673 semper
1109 4584 1230 4651 rnalurn
1255 4608 1315 4671 pro
1338 4584 1423 4651 bono
1446 4588 1559 4652 amicis
1581 4584 1762 4651 reddentes.

834 4766 909 4832 ΧΠ.
952 4766 1015 4833 DE
1038 4766 1298 4835 PRtlthlio'e‘ll
1321 4766 1638 4835 TARTARORUM.

524 4914 690 4981 Exeunua
718 4929 825 4981 autem
846 4916 978 4982 Tartari
1001 4916 1042 4983 dc
1063 4918 1228 4984 montibus
1247 4920 1356 4983 atatim
1378 4920 1521 4983 lecerunt
1543 4918 1725 4999 eonsilium,
1754 4918 1912 5005 quomodo
1940 4930 2071 5005 possent
2092 4936 2101 4985 1

400 5030 463 5097 ribi
486 5030 661 5115 subiugare
683 5045 782 5097 toturn
803 5030 923 5097 orbern.
966 5032 1009 5097 Et
1030 5032 1114 5099 dixit
1136 5032 1276 5118 Magnus
1297 5032 1401 5115 chan,
1424 5034 1514 5097 cuius
1533 5058 1649 5099 nomen
1664 5034 1853 5099 Camiuatan
1869 5034 1940 5108 ὀὒκ
1963 5032 2070 5117 „Due
2089 5054 2105 5103 1

461 5206 513 5269 93,
536 5200 668 5273 amous}
702 5198 816 5257 Boetbii
849 5200 1057 5260 consolationis
1087 5202 1214 5282 pbiloso-
1317 5206 1369 5271 at)
1391 5212 1488 5261 coctus
1510 5200 1546 5265 G.

401 5296 599 5379 pbiaolibror
621 5296 646 5351 V
674 5296 720 5357 ad.
743 5296 877 5375 Callyua.
922 5298 980 5357 Ubi
1007 5320 1035 5378 p.
1059 5302 1211 5361 151114
1318 5304 1370 5368 118)
1392 5302 1443 5377 eir}
1467 5300 1531 5363 sibi.

401 5397 520 5473 legitur:
550 5398 685 5453 Nomium
719 5396 884 5453 Caucasum
913 5408 1034 5455 mntem
1061 5400 1215 5458 Bonam
1317 5406 1369 5470 99)
1392 5400 1443 5475 ειίΙ
1463 5400 1526 5459 albi.

401 5516 474 5573 resp.
491 5498 583 5567 somn
604 5494 842 5551 transcenderet.
1302 5504 1369 5569 too)
1393 5498 1576 5574 Omnian}
1599 5498 1736 5559 l'ortaaaa
1762 5494 1918 5575 legendum
1940 5510 1985 5559 ort
2013 5500 2070 5557 Ta·

463 5632 516 5687 et·
544 5622 619 5683 cod,
646 5623 681 5683 G.
713 5622 802 5683 tram
822 5644 927 5701 qm„
956 5624 1128 5692 ,mam
1158 5630 1214 5688 „hi
1256 5598 1398 5666 niutan,
1427 5596 1505 5676 quod
1536 5598 1655 5677 propior
1680 5594 1794 5655 aceedit
1814 5594 1853 5655 ad
1875 5596 1998 5655 somam
2018 5616 2068 5655 no·

402 5726 548 5807 qmdm
570 5722 715 5781 midine
736 5742 893 5781 mmm„
1255 5695 1342 5755 urinis
1367 5694 1567 5755 reserastis.
1611 5692 1725 5753 Dicitur
1749 5695 1826 5753 anim
1849 5692 1876 5755 b.
1898 5695 1916 5755 l.
1939 5694 2068 5755 Tamud-

465 5862 517 5920 aar
530 5854 720 5929 smuenml
740 5854 918 5913 somonam.
1255 5792 1433 5951 ffiiffi
1452 5804 1508 5949 J:
1529 5790 1890 5951 gfflfflpuffi
1906 5794 2071 5949 argema

465 5994 518 6052 ’θ’
539 5984 614 6046 ⁰⁰⁴¹-
636 5984 674 6047 0·
696 5986 815 6057 “deo
830 5984 910 6065 ιωι
931 5988 1117 6047 mu
1256 5998 1322 6049 aas
1341 5988 1437 6047 aaa·
1458 5987 1504 6049 ιιι
1527 6010 1546 6069 p
1582 5994 1616 6049 o
1639 6008 1700 6069 ης,
