<?xml version="1.0" encoding="UTF-8"?>
<!DOCTYPE html PUBLIC "-//W3C//DTD XHTML 1.0 Transitional//EN"
    "http://www.w3.org/TR/xhtml1/DTD/xhtml1-transitional.dtd">
<html xmlns="http://www.w3.org/1999/xhtml" xml:lang="en" lang="en">
 <head>
  <title>
</title>
<meta http-equiv="Content-Type" content="text/html;charset=utf-8" />
  <meta name='ocr-system' content='tesseract 3.04.00' />
  <meta name='ocr-capabilities' content='ocr_page ocr_carea ocr_par ocr_line ocrx_word'/>
</head>
<body>
  <div class='ocr_page' id='page_1' title='image "./peregrinatoresm00odorgoog_0139.png"; bbox 0 0 5284 7042; ppageno 0'>
   <div class='ocr_carea' id='block_1_1' title="bbox 1207 716 1263 777">
    <p class='ocr_par' dir='ltr' id='par_1_1' title="bbox 1207 716 1263 777">
     <span class='ocr_line' id='line_1_1' title="bbox 1207 716 1263 777; baseline -0.036 0"><span class='ocrx_word' id='word_1_1' title='bbox 1207 716 1263 777; x_wconf 75' lang='lat' dir='ltr'><strong>tm</strong></span> 
     </span>
    </p>
   </div>
   <div class='ocr_carea' id='block_1_2' title="bbox 397 890 2119 2718">
    <p class='ocr_par' dir='ltr' id='par_1_2' title="bbox 397 890 2118 1675">
     <span class='ocr_line' id='line_1_2' title="bbox 399 890 2118 983; baseline -0.003 -24"><span class='ocrx_word' id='word_1_2' title='bbox 399 895 578 981; x_wconf 76' lang='lat' dir='ltr'><strong>supposita</strong></span> <span class='ocrx_word' id='word_1_3' title='bbox 633 894 755 959; x_wconf 85' lang='lat' dir='ltr'><strong>Errant</strong></span> <span class='ocrx_word' id='word_1_4' title='bbox 785 896 889 961; x_wconf 88' lang='lat' dir='ltr'><strong>eciam</strong></span> <span class='ocrx_word' id='word_1_5' title='bbox 921 906 1078 981; x_wconf 82' lang='lat' dir='ltr'><strong>negantes</strong></span> <span class='ocrx_word' id='word_1_6' title='bbox 1108 898 1330 983; x_wconf 82' lang='lat' dir='ltr'><strong>purgatorium</strong></span> <span class='ocrx_word' id='word_1_7' title='bbox 1367 906 1398 959; x_wconf 90' lang='lat' dir='ltr'><strong>et</strong></span> <span class='ocrx_word' id='word_1_8' title='bbox 1428 892 1571 957; x_wconf 88' lang='lat' dir='ltr'><strong>dicentes</strong></span> <span class='ocrx_word' id='word_1_9' title='bbox 1602 894 1721 973; x_wconf 85' lang='lat' dir='ltr'><strong>eciam,</strong></span> <span class='ocrx_word' id='word_1_10' title='bbox 1752 890 1837 979; x_wconf 86' lang='lat' dir='ltr'><strong>quod</strong></span> <span class='ocrx_word' id='word_1_11' title='bbox 1873 914 1930 957; x_wconf 88' lang='lat' dir='ltr'><strong>nec</strong></span> <span class='ocrx_word' id='word_1_12' title='bbox 1963 892 2067 957; x_wconf 77' lang='lat' dir='ltr'><strong>utrisne</strong></span> <span class='ocrx_word' id='word_1_13' title='bbox 2086 918 2118 969; x_wconf 63' lang='lat'><strong>³5</strong></span> 
     </span>
     <span class='ocr_line' id='line_1_3' title="bbox 401 1006 2067 1099; baseline -0.001 -24"><span class='ocrx_word' id='word_1_14' title='bbox 401 1008 652 1099; x_wconf 70' lang='lat' dir='ltr'><strong>dampnatorum</strong></span> <span class='ocrx_word' id='word_1_15' title='bbox 679 1008 879 1075; x_wconf 82' lang='lat' dir='ltr'><strong>descendunt</strong></span> <span class='ocrx_word' id='word_1_16' title='bbox 908 1009 951 1075; x_wconf 87' lang='lat' dir='ltr'><strong>ad</strong></span> <span class='ocrx_word' id='word_1_17' title='bbox 977 1012 1155 1092; x_wconf 84' lang='lat' dir='ltr'><strong>infernum,</strong></span> <span class='ocrx_word' id='word_1_18' title='bbox 1186 1034 1246 1075; x_wconf 88' lang='lat' dir='ltr'><strong>nec</strong></span> <span class='ocrx_word' id='word_1_19' title='bbox 1275 1012 1382 1075; x_wconf 88' lang='lat' dir='ltr'><strong>anime</strong></span> <span class='ocrx_word' id='word_1_20' title='bbox 1405 1008 1572 1075; x_wconf 85' lang='lat' dir='ltr'><strong>beatorum</strong></span> <span class='ocrx_word' id='word_1_21' title='bbox 1603 1010 1801 1096; x_wconf 89' lang='lat' dir='ltr'><strong>recipiuntur</strong></span> <span class='ocrx_word' id='word_1_22' title='bbox 1823 1010 1855 1075; x_wconf 90' lang='lat' dir='ltr'><strong>in</strong></span> <span class='ocrx_word' id='word_1_23' title='bbox 1877 1006 2067 1097; x_wconf 75' lang='lat' dir='ltr'><strong>paradisum</strong></span> 
     </span>
     <span class='ocr_line' id='line_1_4' title="bbox 400 1124 2117 1213; baseline 0.001 -22"><span class='ocrx_word' id='word_1_24' title='bbox 400 1138 475 1191; x_wconf 89' lang='lat' dir='ltr'><strong>ante</strong></span> <span class='ocrx_word' id='word_1_25' title='bbox 495 1124 581 1191; x_wconf 65' lang='lat' dir='ltr'><strong>mom</strong></span> <span class='ocrx_word' id='word_1_26' title='bbox 605 1124 726 1191; x_wconf 85' lang='lat' dir='ltr'><strong>iudicii</strong></span> <span class='ocrx_word' id='word_1_27' title='bbox 767 1124 940 1213; x_wconf 84' lang='lat' dir='ltr'><strong>Baptiaant</strong></span> <span class='ocrx_word' id='word_1_28' title='bbox 962 1138 1069 1191; x_wconf 86' lang='lat' dir='ltr'><strong>autem</strong></span> <span class='ocrx_word' id='word_1_29' title='bbox 1089 1128 1123 1191; x_wconf 88' lang='lat' dir='ltr'><strong>in</strong></span> <span class='ocrx_word' id='word_1_30' title='bbox 1144 1126 1249 1192; x_wconf 79' lang='lat' dir='ltr'><strong>forma</strong></span> <span class='ocrx_word' id='word_1_31' title='bbox 1270 1124 1460 1209; x_wconf 85' lang='lat' dir='ltr'><strong>Grecorum,</strong></span> <span class='ocrx_word' id='word_1_32' title='bbox 1485 1126 1622 1192; x_wconf 85' lang='lat' dir='ltr'><strong>scilieet:</strong></span> <span class='ocrx_word' id='word_1_33' title='bbox 1649 1124 1859 1211; x_wconf 89' lang='lat' dir='ltr'><strong>„Baptisetnr</strong></span> <span class='ocrx_word' id='word_1_34' title='bbox 1891 1138 1998 1191; x_wconf 90' lang='lat' dir='ltr'><strong>antem</strong></span> <span class='ocrx_word' id='word_1_35' title='bbox 2021 1138 2066 1189; x_wconf 91' lang='lat' dir='ltr'><strong>ta·</strong></span> <span class='ocrx_word' id='word_1_36' title='bbox 2086 1144 2117 1193; x_wconf 81' lang='lat' dir='ltr'><strong>nt</strong></span> 
     </span>
     <span class='ocr_line' id='line_1_5' title="bbox 399 1240 2117 1329; baseline -0.002 -22"><span class='ocrx_word' id='word_1_37' title='bbox 399 1240 491 1307; x_wconf 76' lang='lat' dir='ltr'><strong>tisis</strong></span> <span class='ocrx_word' id='word_1_38' title='bbox 512 1242 642 1307; x_wconf 89' lang='lat' dir='ltr'><strong>nomine</strong></span> <span class='ocrx_word' id='word_1_39' title='bbox 661 1241 769 1307; x_wconf 84' lang='lat' dir='ltr'><strong>Patris</strong></span> <span class='ocrx_word' id='word_1_40' title='bbox 791 1254 850 1307; x_wconf 85' lang='lat' dir='ltr'><strong>etc.</strong></span> <span class='ocrx_word' id='word_1_41' title='bbox 893 1240 1084 1307; x_wconf 83' lang='lat' dir='ltr'><strong>Efficaciam</strong></span> <span class='ocrx_word' id='word_1_42' title='bbox 1111 1253 1143 1305; x_wconf 91' lang='lat' dir='ltr'><strong>ct</strong></span> <span class='ocrx_word' id='word_1_43' title='bbox 1169 1242 1399 1329; x_wconf 77' lang='lat' dir='ltr'><strong>perfectionem</strong></span> <span class='ocrx_word' id='word_1_44' title='bbox 1432 1242 1586 1329; x_wconf 86' lang='lat' dir='ltr'><strong>baptismi</strong></span> <span class='ocrx_word' id='word_1_45' title='bbox 1608 1251 1729 1329; x_wconf 88' lang='lat' dir='ltr'><strong>pommt</strong></span> <span class='ocrx_word' id='word_1_46' title='bbox 1756 1252 1787 1305; x_wconf 90' lang='lat' dir='ltr'><strong>ct</strong></span> <span class='ocrx_word' id='word_1_47' title='bbox 1808 1240 1942 1305; x_wconf 85' lang='lat' dir='ltr'><strong>credunt</strong></span> <span class='ocrx_word' id='word_1_48' title='bbox 1964 1244 2066 1305; x_wconf 87' lang='lat' dir='ltr'><strong>eonsi-</strong></span> <span class='ocrx_word' id='word_1_49' title='bbox 2086 1252 2117 1305; x_wconf 72' lang='lat' dir='ltr'><strong>ts</strong></span> 
     </span>
     <span class='ocr_line' id='line_1_6' title="bbox 397 1354 2066 1445; baseline -0.001 -24"><span class='ocrx_word' id='word_1_50' title='bbox 397 1368 484 1421; x_wconf 70' lang='lat' dir='ltr'><strong>mere</strong></span> <span class='ocrx_word' id='word_1_51' title='bbox 503 1358 538 1421; x_wconf 89' lang='lat' dir='ltr'><strong>in</strong></span> <span class='ocrx_word' id='word_1_52' title='bbox 556 1356 697 1443; x_wconf 83' lang='lat' dir='ltr'><strong>quadam</strong></span> <span class='ocrx_word' id='word_1_53' title='bbox 718 1358 886 1439; x_wconf 86' lang='lat' dir='ltr'><strong>vnctioae,</strong></span> <span class='ocrx_word' id='word_1_54' title='bbox 917 1378 1016 1443; x_wconf 89' lang='lat' dir='ltr'><strong>quam</strong></span> <span class='ocrx_word' id='word_1_55' title='bbox 1037 1356 1160 1421; x_wconf 87' lang='lat' dir='ltr'><strong>iaciunt</strong></span> <span class='ocrx_word' id='word_1_56' title='bbox 1181 1355 1223 1421; x_wconf 90' lang='lat' dir='ltr'><strong>de</strong></span> <span class='ocrx_word' id='word_1_57' title='bbox 1244 1354 1384 1444; x_wconf 88' lang='lat' dir='ltr'><strong>quodam</strong></span> <span class='ocrx_word' id='word_1_58' title='bbox 1406 1356 1493 1439; x_wconf 91' lang='lat' dir='ltr'><strong>olco,</strong></span> <span class='ocrx_word' id='word_1_59' title='bbox 1529 1358 1570 1423; x_wconf 87' lang='lat' dir='ltr'><strong>do</strong></span> <span class='ocrx_word' id='word_1_60' title='bbox 1591 1382 1654 1443; x_wconf 68' lang='lat' dir='ltr'><strong>&lt;qno</strong></span> <span class='ocrx_word' id='word_1_61' title='bbox 1676 1357 1804 1439; x_wconf 87' lang='lat' dir='ltr'><strong>dicant,</strong></span> <span class='ocrx_word' id='word_1_62' title='bbox 1832 1356 1916 1445; x_wconf 88' lang='lat' dir='ltr'><strong>quod</strong></span> <span class='ocrx_word' id='word_1_63' title='bbox 1940 1369 2066 1443; x_wconf 88' lang='lat' dir='ltr'><strong>oportet</strong></span> 
     </span>
     <span class='ocr_line' id='line_1_7' title="bbox 399 1470 2067 1561; baseline 0 -26"><span class='ocrx_word' id='word_1_64' title='bbox 399 1470 598 1561; x_wconf 80' lang='lat' dir='ltr'><strong>baptisatam</strong></span> <span class='ocrx_word' id='word_1_65' title='bbox 621 1472 761 1539; x_wconf 88' lang='lat' dir='ltr'><strong>totaliter</strong></span> <span class='ocrx_word' id='word_1_66' title='bbox 781 1474 911 1559; x_wconf 69' lang='lat' dir='ltr'><strong>inungi,</strong></span> <span class='ocrx_word' id='word_1_67' title='bbox 934 1470 1050 1561; x_wconf 86' lang='lat' dir='ltr'><strong>quodsi</strong></span> <span class='ocrx_word' id='word_1_68' title='bbox 1072 1473 1207 1537; x_wconf 88' lang='lat' dir='ltr'><strong>minima</strong></span> <span class='ocrx_word' id='word_1_69' title='bbox 1229 1494 1306 1559; x_wconf 85' lang='lat' dir='ltr'><strong>pars</strong></span> <span class='ocrx_word' id='word_1_70' title='bbox 1328 1474 1475 1559; x_wconf 88' lang='lat' dir='ltr'><strong>corporis</strong></span> <span class='ocrx_word' id='word_1_71' title='bbox 1496 1482 1676 1539; x_wconf 73' lang='lat' dir='ltr'>remaneret</span> <span class='ocrx_word' id='word_1_72' title='bbox 1693 1474 1834 1553; x_wconf 91' lang='lat' dir='ltr'><strong>inuncta,</strong></span> <span class='ocrx_word' id='word_1_73' title='bbox 1856 1472 1968 1537; x_wconf 88' lang='lat' dir='ltr'><strong>dicunt</strong></span> <span class='ocrx_word' id='word_1_74' title='bbox 1982 1470 2067 1559; x_wconf 73' lang='lat' dir='ltr'><strong>(quod</strong></span> 
     </span>
     <span class='ocr_line' id='line_1_8' title="bbox 398 1584 2118 1675; baseline 0.001 -22"><span class='ocrx_word' id='word_1_75' title='bbox 398 1585 559 1675; x_wconf 82' lang='lat' dir='ltr'><strong>dyabolus</strong></span> <span class='ocrx_word' id='word_1_76' title='bbox 581 1588 718 1653; x_wconf 74' lang='lat' dir='ltr'><strong>intraret</strong></span> <span class='ocrx_word' id='word_1_77' title='bbox 739 1588 868 1653; x_wconf 85' lang='lat' dir='ltr'><strong>ibidem.</strong></span> <span class='ocrx_word' id='word_1_78' title='bbox 914 1588 1123 1675; x_wconf 87' lang='lat' dir='ltr'><strong>Baptisantcs</strong></span> <span class='ocrx_word' id='word_1_79' title='bbox 1143 1600 1251 1653; x_wconf 83' lang='lat' dir='ltr'><strong>autern</strong></span> <span class='ocrx_word' id='word_1_80' title='bbox 1272 1610 1337 1653; x_wconf 88' lang='lat' dir='ltr'><strong>non</strong></span> <span class='ocrx_word' id='word_1_81' title='bbox 1360 1590 1521 1655; x_wconf 90' lang='lat' dir='ltr'><strong>instruunt</strong></span> <span class='ocrx_word' id='word_1_82' title='bbox 1545 1588 1586 1653; x_wconf 88' lang='lat' dir='ltr'><strong>de</strong></span> <span class='ocrx_word' id='word_1_83' title='bbox 1608 1590 1681 1669; x_wconf 87' lang='lat' dir='ltr'><strong>tide,</strong></span> <span class='ocrx_word' id='word_1_84' title='bbox 1705 1612 1763 1654; x_wconf 89' lang='lat' dir='ltr'><strong>nee</strong></span> <span class='ocrx_word' id='word_1_85' title='bbox 1786 1588 1881 1655; x_wconf 86' lang='lat' dir='ltr'><strong>fidem</strong></span> <span class='ocrx_word' id='word_1_86' title='bbox 1905 1590 2047 1669; x_wconf 68' lang='lat' dir='ltr'><strong>smigunt.</strong></span> <span class='ocrx_word' id='word_1_87' title='bbox 2087 1584 2118 1633; x_wconf 79' lang='lat'><strong>³⁹</strong></span> 
     </span>
    </p>

    <p class='ocr_par' dir='ltr' id='par_1_3' title="bbox 398 1666 2119 2255">
     <span class='ocr_line' id='line_1_9' title="bbox 523 1666 2119 1790; baseline 0 -21"><span class='ocrx_word' id='word_1_88' title='bbox 523 1702 575 1769; x_wconf 87' lang='lat' dir='ltr'><strong>Do</strong></span> <span class='ocrx_word' id='word_1_89' title='bbox 602 1704 793 1769; x_wconf 82' lang='lat' dir='ltr'><strong>sermentato</strong></span> <span class='ocrx_word' id='word_1_90' title='bbox 824 1703 998 1769; x_wconf 87' lang='lat' dir='ltr'><strong>conficiant</strong></span> <span class='ocrx_word' id='word_1_91' title='bbox 1025 1706 1234 1769; x_wconf 84' lang='lat' dir='ltr'><strong>commixtam</strong></span> <span class='ocrx_word' id='word_1_92' title='bbox 1263 1726 1396 1790; x_wconf 86' lang='lat' dir='ltr'><strong>pascam</strong></span> <span class='ocrx_word' id='word_1_93' title='bbox 1431 1728 1503 1769; x_wconf 92' lang='lat' dir='ltr'><strong>cnm</strong></span> <span class='ocrx_word' id='word_1_94' title='bbox 1535 1704 1612 1770; x_wconf 91' lang='lat' dir='ltr'><strong>oleo.</strong></span> <span class='ocrx_word' id='word_1_95' title='bbox 1657 1706 1842 1770; x_wconf 86' lang='lat' dir='ltr'><strong>immiscent</strong></span> <span class='ocrx_word' id='word_1_96' title='bbox 1864 1718 1970 1769; x_wconf 88' lang='lat' dir='ltr'><strong>antem</strong></span> <span class='ocrx_word' id='word_1_97' title='bbox 1995 1726 2068 1769; x_wconf 88' lang='lat' dir='ltr'><strong>cum</strong></span> <span class='ocrx_word' id='word_1_98' title='bbox 2087 1666 2119 1783; x_wconf 70' lang='lat' dir='ltr'><strong>ll</strong></span> 
     </span>
     <span class='ocr_line' id='line_1_10' title="bbox 399 1816 2069 1909; baseline -0.002 -24"><span class='ocrx_word' id='word_1_99' title='bbox 399 1842 502 1907; x_wconf 80' lang='lat' dir='ltr'><strong>pasca</strong></span> <span class='ocrx_word' id='word_1_100' title='bbox 529 1817 751 1885; x_wconf 78' lang='lat' dir='ltr'><strong>consecranda</strong></span> <span class='ocrx_word' id='word_1_101' title='bbox 778 1818 877 1884; x_wconf 87' lang='lat' dir='ltr'><strong>uliam</strong></span> <span class='ocrx_word' id='word_1_102' title='bbox 905 1816 1068 1907; x_wconf 86' lang='lat' dir='ltr'><strong>quandam</strong></span> <span class='ocrx_word' id='word_1_103' title='bbox 1093 1842 1243 1907; x_wconf 84' lang='lat' dir='ltr'><strong>pascam,</strong></span> <span class='ocrx_word' id='word_1_104' title='bbox 1271 1840 1368 1905; x_wconf 90' lang='lat' dir='ltr'><strong>quam</strong></span> <span class='ocrx_word' id='word_1_105' title='bbox 1391 1834 1600 1903; x_wconf 79' lang='lat' dir='ltr'><strong>conseruent,</strong></span> <span class='ocrx_word' id='word_1_106' title='bbox 1631 1844 1759 1909; x_wconf 87' lang='lat' dir='ltr'><strong>semper</strong></span> <span class='ocrx_word' id='word_1_107' title='bbox 1788 1830 2007 1885; x_wconf 87' lang='lat' dir='ltr'><strong>restaurantes</strong></span> <span class='ocrx_word' id='word_1_108' title='bbox 2030 1818 2069 1883; x_wconf 76' lang='lat' dir='ltr'><strong>ele</strong></span> 
     </span>
     <span class='ocr_line' id='line_1_11' title="bbox 399 1934 2068 2025; baseline -0.001 -24"><span class='ocrx_word' id='word_1_109' title='bbox 399 1936 569 2023; x_wconf 71' lang='lat' dir='ltr'><strong>parca¹⁷²&#39;,</strong></span> <span class='ocrx_word' id='word_1_110' title='bbox 595 1956 682 2000; x_wconf 89' lang='lat' dir='ltr'><strong>nona</strong></span> <span class='ocrx_word' id='word_1_111' title='bbox 713 1948 868 2021; x_wconf 86' lang='lat' dir='ltr'><strong>qnantum</strong></span> <span class='ocrx_word' id='word_1_112' title='bbox 896 1934 937 1999; x_wconf 90' lang='lat' dir='ltr'><strong>dc</strong></span> <span class='ocrx_word' id='word_1_113' title='bbox 965 1956 1004 1999; x_wconf 92' lang='lat' dir='ltr'><strong>ca</strong></span> <span class='ocrx_word' id='word_1_114' title='bbox 1026 1936 1205 2021; x_wconf 89' lang='lat' dir='ltr'><strong>accipiunt,</strong></span> <span class='ocrx_word' id='word_1_115' title='bbox 1236 1948 1266 1999; x_wconf 90' lang='lat' dir='ltr'><strong>ct</strong></span> <span class='ocrx_word' id='word_1_116' title='bbox 1294 1936 1423 2017; x_wconf 91' lang='lat' dir='ltr'><strong>dicunt,</strong></span> <span class='ocrx_word' id='word_1_117' title='bbox 1454 1936 1540 2023; x_wconf 91' lang='lat' dir='ltr'><strong>quod</strong></span> <span class='ocrx_word' id='word_1_118' title='bbox 1574 1950 1621 2001; x_wconf 89' lang='lat' dir='ltr'><strong>est</strong></span> <span class='ocrx_word' id='word_1_119' title='bbox 1653 1936 1790 2025; x_wconf 84' lang='lat' dir='ltr'><strong>quedam</strong></span> <span class='ocrx_word' id='word_1_120' title='bbox 1815 1958 1890 2023; x_wconf 87' lang='lat' dir='ltr'><strong>pars</strong></span> <span class='ocrx_word' id='word_1_121' title='bbox 1922 1936 2068 2023; x_wconf 85' lang='lat' dir='ltr'><strong>eorporis</strong></span> 
     </span>
     <span class='ocr_line' id='line_1_12' title="bbox 398 2050 2068 2139; baseline -0.002 -20"><span class='ocrx_word' id='word_1_122' title='bbox 398 2050 532 2130; x_wconf 80' lang='lat' dir='ltr'><strong>Christi,</strong></span> <span class='ocrx_word' id='word_1_123' title='bbox 552 2072 651 2139; x_wconf 86' lang='lat' dir='ltr'><strong>quam</strong></span> <span class='ocrx_word' id='word_1_124' title='bbox 681 2062 875 2137; x_wconf 82' lang='lat' dir='ltr'><strong>acceperant</strong></span> <span class='ocrx_word' id='word_1_125' title='bbox 903 2072 923 2114; x_wconf 89' lang='lat' dir='ltr'><strong>a</strong></span> <span class='ocrx_word' id='word_1_126' title='bbox 953 2061 1065 2115; x_wconf 86' lang='lat' dir='ltr'><strong>sancto</strong></span> <span class='ocrx_word' id='word_1_127' title='bbox 1087 2050 1229 2115; x_wconf 82' lang='lat' dir='ltr'><strong>Iohanne</strong></span> <span class='ocrx_word' id='word_1_128' title='bbox 1257 2050 1474 2137; x_wconf 81' lang='lat' dir='ltr'><strong>euangelista,</strong></span> <span class='ocrx_word' id='word_1_129' title='bbox 1505 2054 1559 2139; x_wconf 91' lang='lat' dir='ltr'><strong>qni</strong></span> <span class='ocrx_word' id='word_1_130' title='bbox 1589 2056 1714 2139; x_wconf 89' lang='lat' dir='ltr'><strong>aceepit</strong></span> <span class='ocrx_word' id='word_1_131' title='bbox 1742 2054 1774 2116; x_wconf 92' lang='lat' dir='ltr'><strong>in</strong></span> <span class='ocrx_word' id='word_1_132' title='bbox 1797 2074 1876 2115; x_wconf 89' lang='lat' dir='ltr'><strong>eena</strong></span> <span class='ocrx_word' id='word_1_133' title='bbox 1905 2050 2068 2139; x_wconf 87' lang='lat' dir='ltr'><strong>dnplieem</strong></span> 
     </span>
     <span class='ocr_line' id='line_1_13' title="bbox 398 2164 1369 2255; baseline -0.001 -23"><span class='ocrx_word' id='word_1_134' title='bbox 398 2181 540 2255; x_wconf 86' lang='lat' dir='ltr'><strong>purtem:</strong></span> <span class='ocrx_word' id='word_1_135' title='bbox 562 2188 659 2231; x_wconf 74' lang='lat' dir='ltr'><strong>enam</strong></span> <span class='ocrx_word' id='word_1_136' title='bbox 680 2164 820 2232; x_wconf 86' lang='lat' dir='ltr'><strong>comedit</strong></span> <span class='ocrx_word' id='word_1_137' title='bbox 839 2177 871 2230; x_wconf 90' lang='lat' dir='ltr'><strong>ct</strong></span> <span class='ocrx_word' id='word_1_138' title='bbox 892 2164 1029 2231; x_wconf 86' lang='lat' dir='ltr'><strong>alteram</strong></span> <span class='ocrx_word' id='word_1_139' title='bbox 1050 2177 1176 2253; x_wconf 89' lang='lat' dir='ltr'><strong>partem</strong></span> <span class='ocrx_word' id='word_1_140' title='bbox 1198 2166 1245 2231; x_wconf 87' lang='lat' dir='ltr'><strong>cis</strong></span> <span class='ocrx_word' id='word_1_141' title='bbox 1269 2164 1369 2231; x_wconf 84' lang='lat' dir='ltr'><strong>dedit.</strong></span> 
     </span>
    </p>

    <p class='ocr_par' dir='ltr' id='par_1_4' title="bbox 399 2246 2119 2718">
     <span class='ocr_line' id='line_1_14' title="bbox 520 2246 2119 2371; baseline -0.002 -24"><span class='ocrx_word' id='word_1_142' title='bbox 520 2282 661 2347; x_wconf 85' lang='lat' dir='ltr'><strong>Peccata</strong></span> <span class='ocrx_word' id='word_1_143' title='bbox 681 2304 746 2347; x_wconf 89' lang='lat' dir='ltr'><strong>non</strong></span> <span class='ocrx_word' id='word_1_144' title='bbox 768 2282 961 2347; x_wconf 83' lang='lat' dir='ltr'><strong>confitentur</strong></span> <span class='ocrx_word' id='word_1_145' title='bbox 982 2282 1046 2346; x_wconf 85' lang='lat' dir='ltr'><strong>nisi</strong></span> <span class='ocrx_word' id='word_1_146' title='bbox 1068 2282 1158 2361; x_wconf 76' lang='lat' dir='ltr'><strong>lieo,</strong></span> <span class='ocrx_word' id='word_1_147' title='bbox 1180 2304 1238 2346; x_wconf 92' lang='lat' dir='ltr'><strong>nec</strong></span> <span class='ocrx_word' id='word_1_148' title='bbox 1260 2282 1294 2346; x_wconf 89' lang='lat' dir='ltr'><strong>in</strong></span> <span class='ocrx_word' id='word_1_149' title='bbox 1315 2286 1384 2347; x_wconf 80' lang='lat' dir='ltr'><strong>vita</strong></span> <span class='ocrx_word' id='word_1_150' title='bbox 1406 2304 1464 2347; x_wconf 88' lang='lat' dir='ltr'><strong>nec</strong></span> <span class='ocrx_word' id='word_1_151' title='bbox 1488 2284 1520 2348; x_wconf 90' lang='lat' dir='ltr'><strong>in</strong></span> <span class='ocrx_word' id='word_1_152' title='bbox 1544 2298 1653 2349; x_wconf 88' lang='lat' dir='ltr'><strong>morte.</strong></span> <span class='ocrx_word' id='word_1_153' title='bbox 1698 2284 1764 2371; x_wconf 86' lang='lat' dir='ltr'><strong>lpsi</strong></span> <span class='ocrx_word' id='word_1_154' title='bbox 1788 2286 1889 2347; x_wconf 88' lang='lat' dir='ltr'><strong>eeiam</strong></span> <span class='ocrx_word' id='word_1_155' title='bbox 1913 2284 1944 2347; x_wconf 90' lang='lat' dir='ltr'><strong>in</strong></span> <span class='ocrx_word' id='word_1_156' title='bbox 1969 2282 2067 2369; x_wconf 89' lang='lat' dir='ltr'><strong>parti·</strong></span> <span class='ocrx_word' id='word_1_157' title='bbox 2088 2246 2119 2363; x_wconf 60' lang='lat' dir='ltr'><strong>l}</strong></span> 
     </span>
     <span class='ocr_line' id='line_1_15' title="bbox 400 2395 2068 2483; baseline -0.002 -20"><span class='ocrx_word' id='word_1_158' title='bbox 400 2395 460 2463; x_wconf 89' lang='lat' dir='ltr'><strong>bua</strong></span> <span class='ocrx_word' id='word_1_159' title='bbox 481 2396 695 2463; x_wconf 74' lang='lat' dir='ltr'><strong>orientalibus</strong></span> <span class='ocrx_word' id='word_1_160' title='bbox 718 2398 1150 2477; x_wconf 76' lang='lat' dir='ltr'><strong>l&#39;uciuntcircumcisionem,</strong></span> <span class='ocrx_word' id='word_1_161' title='bbox 1172 2410 1203 2461; x_wconf 88' lang='lat' dir='ltr'><strong>et</strong></span> <span class='ocrx_word' id='word_1_162' title='bbox 1226 2398 1323 2483; x_wconf 82' lang='lat' dir='ltr'><strong>&#39;qnod</strong></span> <span class='ocrx_word' id='word_1_163' title='bbox 1345 2401 1579 2463; x_wconf 72' lang='lat' dir='ltr'><strong>monstruosius</strong></span> <span class='ocrx_word' id='word_1_164' title='bbox 1602 2413 1660 2475; x_wconf 71' lang='lat' dir='ltr'><strong>est)</strong></span> <span class='ocrx_word' id='word_1_165' title='bbox 1682 2400 1864 2463; x_wconf 75' lang='lat' dir='ltr'><strong>inne-nimus</strong></span> <span class='ocrx_word' id='word_1_166' title='bbox 1880 2420 1912 2462; x_wconf 90' lang='lat' dir='ltr'><strong>m</strong></span> <span class='ocrx_word' id='word_1_167' title='bbox 1928 2396 2068 2483; x_wconf 69' lang='lat' dir='ltr'><strong>«persidam</strong></span> 
     </span>
     <span class='ocr_line' id='line_1_16' title="bbox 399 2512 2068 2601; baseline -0.001 -22"><span class='ocrx_word' id='word_1_168' title='bbox 399 2514 546 2595; x_wconf 85' lang='lat' dir='ltr'><strong>ciuitate,</strong></span> <span class='ocrx_word' id='word_1_169' title='bbox 575 2536 638 2601; x_wconf 88' lang='lat' dir='ltr'><strong>quc</strong></span> <span class='ocrx_word' id='word_1_170' title='bbox 659 2527 794 2579; x_wconf 80' lang='lat' dir='ltr'><strong>vocatur</strong></span> <span class='ocrx_word' id='word_1_171' title='bbox 814 2517 934 2595; x_wconf 75' lang='lat' dir='ltr'><strong>Herbe,</strong></span> <span class='ocrx_word' id='word_1_172' title='bbox 962 2512 1047 2598; x_wconf 90' lang='lat' dir='ltr'><strong>qnod</strong></span> <span class='ocrx_word' id='word_1_173' title='bbox 1076 2514 1140 2601; x_wconf 82' lang='lat' dir='ltr'><strong>ipsi</strong></span> <span class='ocrx_word' id='word_1_174' title='bbox 1171 2512 1446 2579; x_wconf 85' lang='lat' dir='ltr'><strong>circumcidebant</strong></span> <span class='ocrx_word' id='word_1_175' title='bbox 1468 2538 1531 2579; x_wconf 89' lang='lat' dir='ltr'><strong>non</strong></span> <span class='ocrx_word' id='word_1_176' title='bbox 1554 2512 1655 2579; x_wconf 88' lang='lat' dir='ltr'><strong>solum</strong></span> <span class='ocrx_word' id='word_1_177' title='bbox 1685 2514 1857 2601; x_wconf 77' lang='lat' dir='ltr'><strong>pinnulas,</strong></span> <span class='ocrx_word' id='word_1_178' title='bbox 1889 2512 1945 2577; x_wconf 83' lang='lat' dir='ltr'><strong>sed</strong></span> <span class='ocrx_word' id='word_1_179' title='bbox 1967 2514 2068 2578; x_wconf 86' lang='lat' dir='ltr'><strong>eciam</strong></span> 
     </span>
     <span class='ocr_line' id='line_1_17' title="bbox 399 2626 2068 2718; baseline -0.001 -23"><span class='ocrx_word' id='word_1_180' title='bbox 399 2629 561 2711; x_wconf 80' lang='lat' dir='ltr'><strong>mulieres,</strong></span> <span class='ocrx_word' id='word_1_181' title='bbox 581 2641 613 2695; x_wconf 88' lang='lat' dir='ltr'><strong>et</strong></span> <span class='ocrx_word' id='word_1_182' title='bbox 633 2627 709 2694; x_wconf 88' lang='lat' dir='ltr'><strong>licet</strong></span> <span class='ocrx_word' id='word_1_183' title='bbox 729 2652 794 2693; x_wconf 92' lang='lat' dir='ltr'><strong>non</strong></span> <span class='ocrx_word' id='word_1_184' title='bbox 818 2630 1018 2715; x_wconf 82' lang='lat' dir='ltr'><strong>potuerimus</strong></span> <span class='ocrx_word' id='word_1_185' title='bbox 1039 2628 1121 2692; x_wconf 89' lang='lat' dir='ltr'><strong>bene</strong></span> <span class='ocrx_word' id='word_1_186' title='bbox 1143 2626 1340 2715; x_wconf 77' lang='lat' dir='ltr'><strong>intelligere,</strong></span> <span class='ocrx_word' id='word_1_187' title='bbox 1369 2628 1445 2718; x_wconf 87' lang='lat' dir='ltr'><strong>qnid</strong></span> <span class='ocrx_word' id='word_1_188' title='bbox 1468 2628 1665 2711; x_wconf 74' lang='lat' dir='ltr'><strong>incidebant,</strong></span> <span class='ocrx_word' id='word_1_189' title='bbox 1688 2652 1747 2717; x_wconf 89' lang='lat' dir='ltr'><strong>per</strong></span> <span class='ocrx_word' id='word_1_190' title='bbox 1769 2630 1936 2693; x_wconf 76' lang='lat' dir='ltr'><strong>veritatem</strong></span> <span class='ocrx_word' id='word_1_191' title='bbox 1962 2643 2068 2693; x_wconf 71' lang='lat' dir='ltr'><strong>castren</strong></span> 
     </span>
    </p>
   </div>
   <div class='ocr_carea' id='block_1_3' title="bbox 398 2742 1183 2833">
    <p class='ocr_par' dir='ltr' id='par_1_5' title="bbox 398 2742 1183 2833">
     <span class='ocr_line' id='line_1_18' title="bbox 398 2742 1183 2833; baseline -0.005 -22"><span class='ocrx_word' id='word_1_192' title='bbox 398 2748 624 2833; x_wconf 76' lang='lat' dir='ltr'><strong>comperimus,</strong></span> <span class='ocrx_word' id='word_1_193' title='bbox 644 2742 732 2831; x_wconf 89' lang='lat' dir='ltr'><strong>quod</strong></span> <span class='ocrx_word' id='word_1_194' title='bbox 753 2742 877 2831; x_wconf 84' lang='lat' dir='ltr'><strong>puellas</strong></span> <span class='ocrx_word' id='word_1_195' title='bbox 899 2744 1183 2809; x_wconf 87' lang='lat' dir='ltr'><strong>circumcidebant.</strong></span> 
     </span>
    </p>
   </div>
   <div class='ocr_carea' id='block_1_4' title="bbox 521 2874 2120 2963">
    <p class='ocr_par' dir='ltr' id='par_1_6' title="bbox 521 2874 2120 2963">
     <span class='ocr_line' id='line_1_19' title="bbox 521 2874 2120 2963; baseline -0.002 -21"><span class='ocrx_word' id='word_1_196' title='bbox 521 2876 764 2943; x_wconf 78' lang='lat' dir='ltr'><strong>Eucharistiam</strong></span> <span class='ocrx_word' id='word_1_197' title='bbox 785 2875 947 2943; x_wconf 74' lang='lat' dir='ltr'><strong>illamve!</strong></span> <span class='ocrx_word' id='word_1_198' title='bbox 970 2880 1083 2963; x_wconf 86' lang='lat' dir='ltr'><strong>pocius</strong></span> <span class='ocrx_word' id='word_1_199' title='bbox 1108 2898 1237 2963; x_wconf 88' lang='lat' dir='ltr'><strong>panem,</strong></span> <span class='ocrx_word' id='word_1_200' title='bbox 1258 2899 1353 2963; x_wconf 87' lang='lat' dir='ltr'><strong>quem</strong></span> <span class='ocrx_word' id='word_1_201' title='bbox 1376 2876 1487 2943; x_wconf 90' lang='lat' dir='ltr'><strong>dicunt</strong></span> <span class='ocrx_word' id='word_1_202' title='bbox 1509 2900 1580 2941; x_wconf 83' lang='lat' dir='ltr'><strong>esse</strong></span> <span class='ocrx_word' id='word_1_203' title='bbox 1603 2899 1720 2963; x_wconf 84' lang='lat' dir='ltr'><strong>corpus</strong></span> <span class='ocrx_word' id='word_1_204' title='bbox 1735 2876 1867 2957; x_wconf 80' lang='lat' dir='ltr'><strong>Christi,</strong></span> <span class='ocrx_word' id='word_1_205' title='bbox 1889 2874 1968 2941; x_wconf 91' lang='lat' dir='ltr'><strong>dant</strong></span> <span class='ocrx_word' id='word_1_206' title='bbox 1991 2880 2069 2942; x_wconf 78' lang='lat' dir='ltr'><strong>viris</strong></span> <span class='ocrx_word' id='word_1_207' title='bbox 2090 2882 2120 2933; x_wconf 83' lang='lat' dir='ltr'><strong>tt</strong></span> 
     </span>
    </p>
   </div>
   <div class='ocr_carea' id='block_1_5' title="bbox 398 2964 2121 3079">
    <p class='ocr_par' dir='ltr' id='par_1_7' title="bbox 398 2964 2121 3079">
     <span class='ocr_line' id='line_1_20' title="bbox 398 2964 2121 3079; baseline 0.001 -22"><span class='ocrx_word' id='word_1_208' title='bbox 398 3004 430 3057; x_wconf 86' lang='lat' dir='ltr'><strong>et</strong></span> <span class='ocrx_word' id='word_1_209' title='bbox 450 2990 639 3057; x_wconf 86' lang='lat' dir='ltr'><strong>mulieribus</strong></span> <span class='ocrx_word' id='word_1_210' title='bbox 660 3006 691 3056; x_wconf 91' lang='lat' dir='ltr'><strong>et</strong></span> <span class='ocrx_word' id='word_1_211' title='bbox 714 2994 822 3079; x_wconf 87' lang='lat' dir='ltr'><strong>pneris</strong></span> <span class='ocrx_word' id='word_1_212' title='bbox 847 2990 991 3079; x_wconf 85' lang='lat' dir='ltr'><strong>paruulis</strong></span> <span class='ocrx_word' id='word_1_213' title='bbox 1018 2993 1052 3057; x_wconf 90' lang='lat' dir='ltr'><strong>in</strong></span> <span class='ocrx_word' id='word_1_214' title='bbox 1073 2993 1281 3066; x_wconf 65' lang='lat' dir='ltr'><strong>manumffl).</strong></span> <span class='ocrx_word' id='word_1_215' title='bbox 1329 2992 1416 3057; x_wconf 88' lang='lat' dir='ltr'><strong>Dant</strong></span> <span class='ocrx_word' id='word_1_216' title='bbox 1436 2994 1539 3057; x_wconf 89' lang='lat' dir='ltr'><strong>eciam</strong></span> <span class='ocrx_word' id='word_1_217' title='bbox 1563 2994 1751 3074; x_wconf 74' lang='lat' dir='ltr'><strong>sangninem</strong></span> <span class='ocrx_word' id='word_1_218' title='bbox 1777 2992 1845 3055; x_wconf 87' lang='lat' dir='ltr'><strong>siue</strong></span> <span class='ocrx_word' id='word_1_219' title='bbox 1869 2994 1988 3057; x_wconf 64' lang='lat' dir='ltr'><strong>sanun.</strong></span> <span class='ocrx_word' id='word_1_220' title='bbox 2033 2992 2070 3058; x_wconf 90' lang='lat' dir='ltr'><strong>ln</strong></span> <span class='ocrx_word' id='word_1_221' title='bbox 2089 2964 2121 3079; x_wconf 61' lang='lat' dir='ltr'><strong>li,</strong></span> 
     </span>
    </p>
   </div>
   <div class='ocr_carea' id='block_1_6' title="bbox 398 3106 2122 4369">
    <p class='ocr_par' dir='ltr' id='par_1_8' title="bbox 398 3106 2120 4099">
     <span class='ocr_line' id='line_1_21' title="bbox 398 3106 2120 3195; baseline -0.001 -22"><span class='ocrx_word' id='word_1_222' title='bbox 398 3121 501 3173; x_wconf 86' lang='lat' dir='ltr'><strong>morte</strong></span> <span class='ocrx_word' id='word_1_223' title='bbox 524 3106 646 3173; x_wconf 86' lang='lat' dir='ltr'><strong>nullum</strong></span> <span class='ocrx_word' id='word_1_224' title='bbox 672 3110 909 3173; x_wconf 91' lang='lat' dir='ltr'><strong>communicant</strong></span> <span class='ocrx_word' id='word_1_225' title='bbox 941 3107 993 3172; x_wconf 75' lang='lat' dir='ltr'><strong>ecl</strong></span> <span class='ocrx_word' id='word_1_226' title='bbox 1022 3108 1190 3193; x_wconf 79' lang='lat' dir='ltr'><strong>inungunt.</strong></span> <span class='ocrx_word' id='word_1_227' title='bbox 1231 3106 1296 3173; x_wconf 81' lang='lat' dir='ltr'><strong>lies</strong></span> <span class='ocrx_word' id='word_1_228' title='bbox 1326 3122 1532 3173; x_wconf 76' lang='lat' dir='ltr'><strong>corssecratas</strong></span> <span class='ocrx_word' id='word_1_229' title='bbox 1565 3106 1825 3178; x_wconf 69' lang='lat' dir='ltr'><strong>discusse-erant.</strong></span> <span class='ocrx_word' id='word_1_230' title='bbox 1857 3122 1934 3193; x_wconf 87' lang='lat' dir='ltr'><strong>puta</strong></span> <span class='ocrx_word' id='word_1_231' title='bbox 1955 3130 2069 3195; x_wconf 89' lang='lat' dir='ltr'><strong>panem</strong></span> <span class='ocrx_word' id='word_1_232' title='bbox 2089 3114 2120 3165; x_wconf 67' lang='grc' dir='ltr'><strong>Π</strong></span> 
     </span>
     <span class='ocr_line' id='line_1_22' title="bbox 399 3220 2120 3311; baseline -0.001 -24"><span class='ocrx_word' id='word_1_233' title='bbox 399 3220 604 3289; x_wconf 77' lang='lat' dir='ltr'><strong>benedictum</strong></span> <span class='ocrx_word' id='word_1_234' title='bbox 625 3222 676 3289; x_wconf 78' lang='lat' dir='ltr'><strong>vel</strong></span> <span class='ocrx_word' id='word_1_235' title='bbox 698 3246 825 3309; x_wconf 87' lang='lat' dir='ltr'><strong>aquam,</strong></span> <span class='ocrx_word' id='word_1_236' title='bbox 846 3221 977 3311; x_wconf 88' lang='lat' dir='ltr'><strong>quando</strong></span> <span class='ocrx_word' id='word_1_237' title='bbox 999 3222 1109 3288; x_wconf 76' lang='lat' dir='ltr'><strong>solunt</strong></span> <span class='ocrx_word' id='word_1_238' title='bbox 1131 3246 1169 3287; x_wconf 87' lang='lat' dir='ltr'><strong>ca</strong></span> <span class='ocrx_word' id='word_1_239' title='bbox 1190 3226 1345 3311; x_wconf 88' lang='lat' dir='ltr'><strong>proicere.</strong></span> <span class='ocrx_word' id='word_1_240' title='bbox 1389 3224 1661 3289; x_wconf 86' lang='lat' dir='ltr'><strong>Disconsecratur</strong></span> <span class='ocrx_word' id='word_1_241' title='bbox 1679 3222 1781 3287; x_wconf 87' lang='lat' dir='ltr'><strong>altare</strong></span> <span class='ocrx_word' id='word_1_242' title='bbox 1796 3246 1906 3287; x_wconf 89' lang='lat' dir='ltr'><strong>eornm</strong></span> <span class='ocrx_word' id='word_1_243' title='bbox 1926 3240 1954 3285; x_wconf 91' lang='lat' dir='ltr'><strong>et</strong></span> <span class='ocrx_word' id='word_1_244' title='bbox 1976 3246 2068 3311; x_wconf 73' lang='lat' dir='ltr'><strong>open·</strong></span> <span class='ocrx_word' id='word_1_245' title='bbox 2089 3230 2120 3279; x_wconf 70' lang='lat' dir='ltr'><strong>tl</strong></span> 
     </span>
     <span class='ocr_line' id='line_1_23' title="bbox 400 3338 2069 3427; baseline -0.001 -24"><span class='ocrx_word' id='word_1_246' title='bbox 400 3351 446 3403; x_wconf 86' lang='lat' dir='ltr'><strong>tet</strong></span> <span class='ocrx_word' id='word_1_247' title='bbox 472 3338 674 3405; x_wconf 82' lang='lat' dir='ltr'><strong>reconciliari</strong></span> <span class='ocrx_word' id='word_1_248' title='bbox 701 3362 760 3427; x_wconf 85' lang='lat' dir='ltr'><strong>per</strong></span> <span class='ocrx_word' id='word_1_249' title='bbox 785 3342 989 3427; x_wconf 84' lang='lat' dir='ltr'><strong>episcopum,</strong></span> <span class='ocrx_word' id='word_1_250' title='bbox 1017 3340 1044 3401; x_wconf 81' lang='lat' dir='ltr'><strong>ai</strong></span> <span class='ocrx_word' id='word_1_251' title='bbox 1074 3338 1227 3403; x_wconf 81' lang='lat' dir='ltr'><strong>sacerdos</strong></span> <span class='ocrx_word' id='word_1_252' title='bbox 1253 3338 1296 3403; x_wconf 90' lang='lat' dir='ltr'><strong>ad</strong></span> <span class='ocrx_word' id='word_1_253' title='bbox 1326 3342 1431 3427; x_wconf 88' lang='lat' dir='ltr'><strong>ipsum</strong></span> <span class='ocrx_word' id='word_1_254' title='bbox 1454 3342 1589 3405; x_wconf 84' lang='lat' dir='ltr'><strong>intraret</strong></span> <span class='ocrx_word' id='word_1_255' title='bbox 1611 3354 1783 3427; x_wconf 75' lang='lat' dir='ltr'><strong>postqnmm</strong></span> <span class='ocrx_word' id='word_1_256' title='bbox 1812 3340 2069 3403; x_wconf 75' lang='lat' dir='ltr'><strong>communie-unit.</strong></span> 
     </span>
     <span class='ocr_line' id='line_1_24' title="bbox 402 3452 2120 3541; baseline 0 -22"><span class='ocrx_word' id='word_1_257' title='bbox 402 3452 484 3519; x_wconf 87' lang='lat' dir='ltr'><strong>ltem</strong></span> <span class='ocrx_word' id='word_1_258' title='bbox 508 3456 535 3519; x_wconf 83' lang='lat' dir='ltr'><strong>si</strong></span> <span class='ocrx_word' id='word_1_259' title='bbox 557 3456 694 3519; x_wconf 85' lang='lat' dir='ltr'><strong>intraret</strong></span> <span class='ocrx_word' id='word_1_260' title='bbox 713 3454 756 3519; x_wconf 89' lang='lat' dir='ltr'><strong>ad</strong></span> <span class='ocrx_word' id='word_1_261' title='bbox 777 3456 884 3541; x_wconf 86' lang='lat' dir='ltr'><strong>ipsum</strong></span> <span class='ocrx_word' id='word_1_262' title='bbox 907 3454 1040 3541; x_wconf 88' lang='lat' dir='ltr'><strong>aliquis,</strong></span> <span class='ocrx_word' id='word_1_263' title='bbox 1062 3455 1117 3541; x_wconf 89' lang='lat' dir='ltr'><strong>qui</strong></span> <span class='ocrx_word' id='word_1_264' title='bbox 1140 3478 1204 3519; x_wconf 91' lang='lat' dir='ltr'><strong>non</strong></span> <span class='ocrx_word' id='word_1_265' title='bbox 1227 3468 1312 3519; x_wconf 80' lang='lat' dir='ltr'><strong>esset</strong></span> <span class='ocrx_word' id='word_1_266' title='bbox 1334 3456 1541 3534; x_wconf 75' lang='lat' dir='ltr'><strong>Nestorinns3</strong></span> <span class='ocrx_word' id='word_1_267' title='bbox 1570 3458 1596 3521; x_wconf 89' lang='lat' dir='ltr'><strong>si</strong></span> <span class='ocrx_word' id='word_1_268' title='bbox 1619 3456 1753 3519; x_wconf 86' lang='lat' dir='ltr'><strong>intraret</strong></span> <span class='ocrx_word' id='word_1_269' title='bbox 1776 3456 1878 3518; x_wconf 89' lang='lat' dir='ltr'><strong>eciam</strong></span> <span class='ocrx_word' id='word_1_270' title='bbox 1900 3454 1942 3517; x_wconf 90' lang='lat' dir='ltr'><strong>ad</strong></span> <span class='ocrx_word' id='word_1_271' title='bbox 1965 3456 2069 3541; x_wconf 89' lang='lat' dir='ltr'><strong>ipsum</strong></span> <span class='ocrx_word' id='word_1_272' title='bbox 2088 3468 2120 3519; x_wconf 77' lang='grc'><strong>49</strong></span> 
     </span>
     <span class='ocr_line' id='line_1_25' title="bbox 398 3568 2069 3659; baseline -0.001 -26"><span class='ocrx_word' id='word_1_273' title='bbox 398 3572 658 3657; x_wconf 70' lang='lat' dir='ltr'><strong>quicumque¹²⁸p</strong></span> <span class='ocrx_word' id='word_1_274' title='bbox 688 3571 757 3635; x_wconf 86' lang='lat' dir='ltr'><strong>siae</strong></span> <span class='ocrx_word' id='word_1_275' title='bbox 777 3570 1022 3642; x_wconf 74' lang='lat' dir='ltr'><strong>sorrabulis¹³⁵,</strong></span> <span class='ocrx_word' id='word_1_276' title='bbox 1047 3569 1098 3634; x_wconf 82' lang='lat' dir='ltr'><strong>vel</strong></span> <span class='ocrx_word' id='word_1_277' title='bbox 1120 3570 1227 3659; x_wconf 84' lang='lat' dir='ltr'><strong>capite</strong></span> <span class='ocrx_word' id='word_1_278' title='bbox 1249 3587 1420 3659; x_wconf 80' lang='lat' dir='ltr'><strong>coopert03</strong></span> <span class='ocrx_word' id='word_1_279' title='bbox 1452 3574 1528 3637; x_wconf 89' lang='lat' dir='ltr'><strong>item</strong></span> <span class='ocrx_word' id='word_1_280' title='bbox 1561 3574 1587 3637; x_wconf 86' lang='lat' dir='ltr'><strong>si</strong></span> <span class='ocrx_word' id='word_1_281' title='bbox 1610 3570 1736 3657; x_wconf 80' lang='lat' dir='ltr'><strong>laaspas</strong></span> <span class='ocrx_word' id='word_1_282' title='bbox 1758 3570 1917 3648; x_wconf 72' lang='lat' dir='ltr'><strong>frangitur</strong></span> <span class='ocrx_word' id='word_1_283' title='bbox 1945 3568 1995 3633; x_wconf 81' lang='lat' dir='ltr'><strong>vel</strong></span> <span class='ocrx_word' id='word_1_284' title='bbox 2018 3593 2069 3631; x_wconf 87' lang='lat' dir='ltr'><strong>en·</strong></span> 
     </span>
     <span class='ocr_line' id='line_1_26' title="bbox 400 3684 2069 3775; baseline 0 -26"><span class='ocrx_word' id='word_1_285' title='bbox 400 3684 460 3765; x_wconf 85' lang='lat' dir='ltr'><strong>dit,</strong></span> <span class='ocrx_word' id='word_1_286' title='bbox 482 3702 515 3749; x_wconf 86' lang='lat' dir='ltr'><strong>et</strong></span> <span class='ocrx_word' id='word_1_287' title='bbox 536 3686 565 3749; x_wconf 90' lang='lat' dir='ltr'><strong>si</strong></span> <span class='ocrx_word' id='word_1_288' title='bbox 585 3686 720 3749; x_wconf 86' lang='lat' dir='ltr'><strong>intraret</strong></span> <span class='ocrx_word' id='word_1_289' title='bbox 743 3698 834 3749; x_wconf 84' lang='lat' dir='ltr'><strong>catus</strong></span> <span class='ocrx_word' id='word_1_290' title='bbox 856 3684 906 3751; x_wconf 78' lang='lat' dir='ltr'><strong>vel</strong></span> <span class='ocrx_word' id='word_1_291' title='bbox 929 3708 1128 3773; x_wconf 86' lang='lat' dir='ltr'><strong>quecumque</strong></span> <span class='ocrx_word' id='word_1_292' title='bbox 1151 3684 1289 3751; x_wconf 84' lang='lat' dir='ltr'><strong>bestiola</strong></span> <span class='ocrx_word' id='word_1_293' title='bbox 1310 3700 1447 3775; x_wconf 86' lang='lat' dir='ltr'><strong>excepto</strong></span> <span class='ocrx_word' id='word_1_294' title='bbox 1470 3710 1578 3768; x_wconf 87' lang='lat' dir='ltr'><strong>mnrc;</strong></span> <span class='ocrx_word' id='word_1_295' title='bbox 1610 3686 1667 3751; x_wconf 74' lang='lat' dir='ltr'><strong>soli</strong></span> <span class='ocrx_word' id='word_1_296' title='bbox 1691 3686 1775 3751; x_wconf 91' lang='lat' dir='ltr'><strong>enim</strong></span> <span class='ocrx_word' id='word_1_297' title='bbox 1798 3688 1879 3751; x_wconf 75' lang='lat' dir='ltr'><strong>arturi</strong></span> <span class='ocrx_word' id='word_1_298' title='bbox 1904 3708 2069 3749; x_wconf 73' lang='lat' dir='ltr'><strong>concesse·</strong></span> 
     </span>
     <span class='ocr_line' id='line_1_27' title="bbox 399 3798 2120 3890; baseline 0 -25"><span class='ocrx_word' id='word_1_299' title='bbox 399 3816 474 3865; x_wconf 85' lang='lat' dir='ltr'><strong>rant</strong></span> <span class='ocrx_word' id='word_1_300' title='bbox 494 3800 719 3890; x_wconf 76' lang='lat' dir='ltr'><strong>priuilegium,</strong></span> <span class='ocrx_word' id='word_1_301' title='bbox 751 3802 838 3887; x_wconf 80' lang='lat' dir='ltr'><strong>qnosl</strong></span> <span class='ocrx_word' id='word_1_302' title='bbox 860 3802 961 3889; x_wconf 80' lang='lat' dir='ltr'><strong>possit</strong></span> <span class='ocrx_word' id='word_1_303' title='bbox 982 3802 1105 3865; x_wconf 88' lang='lat' dir='ltr'><strong>intrare</strong></span> <span class='ocrx_word' id='word_1_304' title='bbox 1127 3798 1170 3863; x_wconf 89' lang='lat' dir='ltr'><strong>ad</strong></span> <span class='ocrx_word' id='word_1_305' title='bbox 1191 3800 1315 3881; x_wconf 80' lang='lat' dir='ltr'><strong>altare,</strong></span> <span class='ocrx_word' id='word_1_306' title='bbox 1342 3816 1372 3867; x_wconf 89' lang='lat' dir='ltr'><strong>ct</strong></span> <span class='ocrx_word' id='word_1_307' title='bbox 1396 3828 1460 3869; x_wconf 85' lang='lat' dir='ltr'><strong>non</strong></span> <span class='ocrx_word' id='word_1_308' title='bbox 1482 3802 1753 3869; x_wconf 82' lang='lat' dir='ltr'><strong>diseonsecrntnr.</strong></span> <span class='ocrx_word' id='word_1_309' title='bbox 1798 3800 2070 3865; x_wconf 83' lang='lat' dir='ltr'><strong>Diseonsecratur</strong></span> <span class='ocrx_word' id='word_1_310' title='bbox 2090 3806 2120 3851; x_wconf 74' lang='lat'><strong>⁵⁰</strong></span> 
     </span>
     <span class='ocr_line' id='line_1_28' title="bbox 399 3914 2068 4005; baseline -0.002 -23"><span class='ocrx_word' id='word_1_311' title='bbox 399 3920 520 3998; x_wconf 84' lang='lat' dir='ltr'><strong>eciam,</strong></span> <span class='ocrx_word' id='word_1_312' title='bbox 552 3918 580 3981; x_wconf 84' lang='lat' dir='ltr'><strong>si</strong></span> <span class='ocrx_word' id='word_1_313' title='bbox 609 3940 673 3981; x_wconf 78' lang='lat' dir='ltr'><strong>vua</strong></span> <span class='ocrx_word' id='word_1_314' title='bbox 700 3932 792 4001; x_wconf 77' lang='lat' dir='ltr'><strong>gutta</strong></span> <span class='ocrx_word' id='word_1_315' title='bbox 818 3940 902 4005; x_wconf 90' lang='lat' dir='ltr'><strong>aque</strong></span> <span class='ocrx_word' id='word_1_316' title='bbox 928 3916 978 3981; x_wconf 85' lang='lat' dir='ltr'><strong>vel</strong></span> <span class='ocrx_word' id='word_1_317' title='bbox 1009 3914 1050 3981; x_wconf 94' lang='lat' dir='ltr'><strong>dc</strong></span> <span class='ocrx_word' id='word_1_318' title='bbox 1079 3914 1190 4005; x_wconf 86' lang='lat' dir='ltr'><strong>pluuia</strong></span> <span class='ocrx_word' id='word_1_319' title='bbox 1218 3916 1349 3982; x_wconf 89' lang='lat' dir='ltr'><strong>caderet</strong></span> <span class='ocrx_word' id='word_1_320' title='bbox 1371 3918 1434 4000; x_wconf 91' lang='lat' dir='ltr'><strong>ibi,</strong></span> <span class='ocrx_word' id='word_1_321' title='bbox 1463 3932 1495 3983; x_wconf 91' lang='lat' dir='ltr'><strong>et</strong></span> <span class='ocrx_word' id='word_1_322' title='bbox 1518 3920 1617 3985; x_wconf 89' lang='lat' dir='ltr'><strong>multa</strong></span> <span class='ocrx_word' id='word_1_323' title='bbox 1637 3918 1720 3999; x_wconf 88' lang='lat' dir='ltr'><strong>alia,</strong></span> <span class='ocrx_word' id='word_1_324' title='bbox 1749 3942 1810 4005; x_wconf 71' lang='lat' dir='ltr'><strong>spuo</strong></span> <span class='ocrx_word' id='word_1_325' title='bbox 1833 3916 1963 4000; x_wconf 75' lang='lat' dir='ltr'><strong>letigum</strong></span> <span class='ocrx_word' id='word_1_326' title='bbox 1986 3932 2068 3979; x_wconf 79' lang='lat' dir='ltr'><strong>esset</strong></span> 
     </span>
     <span class='ocr_line' id='line_1_29' title="bbox 399 4056 565 4099; baseline 0 -2"><span class='ocrx_word' id='word_1_327' title='bbox 399 4056 565 4099; x_wconf 84' lang='lat' dir='ltr'><strong>enarrare.</strong></span> 
     </span>
    </p>

    <p class='ocr_par' dir='ltr' id='par_1_9' title="bbox 403 4162 2122 4369">
     <span class='ocr_line' id='line_1_30' title="bbox 524 4162 2117 4253; baseline -0.001 -22"><span class='ocrx_word' id='word_1_328' title='bbox 524 4166 592 4253; x_wconf 84' lang='lat' dir='ltr'><strong>lpsi</strong></span> <span class='ocrx_word' id='word_1_329' title='bbox 613 4166 716 4229; x_wconf 86' lang='lat' dir='ltr'><strong>eciam</strong></span> <span class='ocrx_word' id='word_1_330' title='bbox 737 4164 929 4231; x_wconf 82' lang='lat' dir='ltr'><strong>contrahunt</strong></span> <span class='ocrx_word' id='word_1_331' title='bbox 951 4165 984 4227; x_wconf 90' lang='lat' dir='ltr'><strong>in</strong></span> <span class='ocrx_word' id='word_1_332' title='bbox 1005 4162 1162 4247; x_wconf 78' lang='lat' dir='ltr'><strong>gradibus</strong></span> <span class='ocrx_word' id='word_1_333' title='bbox 1185 4162 1357 4253; x_wconf 79' lang='lat' dir='ltr'><strong>prohibitis</strong></span> <span class='ocrx_word' id='word_1_334' title='bbox 1380 4180 1411 4229; x_wconf 90' lang='lat' dir='ltr'><strong>ct</strong></span> <span class='ocrx_word' id='word_1_335' title='bbox 1434 4164 1561 4231; x_wconf 88' lang='lat' dir='ltr'><strong>soluunt</strong></span> <span class='ocrx_word' id='word_1_336' title='bbox 1584 4166 1809 4245; x_wconf 83' lang='lat' dir='ltr'><strong>matrimonia,</strong></span> <span class='ocrx_word' id='word_1_337' title='bbox 1839 4180 1868 4227; x_wconf 86' lang='lat' dir='ltr'><strong>et</strong></span> <span class='ocrx_word' id='word_1_338' title='bbox 1893 4162 2067 4250; x_wconf 81' lang='lat' dir='ltr'><strong>repudian-</strong></span> <span class='ocrx_word' id='word_1_339' title='bbox 2089 4180 2117 4231; x_wconf 81' lang='lat' dir='ltr'><strong>st</strong></span> 
     </span>
     <span class='ocr_line' id='line_1_31' title="bbox 403 4278 2122 4369; baseline -0.001 -22"><span class='ocrx_word' id='word_1_340' title='bbox 403 4304 540 4347; x_wconf 75' lang='lat' dir='ltr'><strong>uorem</strong></span> <span class='ocrx_word' id='word_1_341' title='bbox 570 4280 611 4345; x_wconf 86' lang='lat' dir='ltr'><strong>de</strong></span> <span class='ocrx_word' id='word_1_342' title='bbox 639 4279 775 4345; x_wconf 85' lang='lat' dir='ltr'><strong>licencia</strong></span> <span class='ocrx_word' id='word_1_343' title='bbox 794 4280 929 4345; x_wconf 79' lang='lat' dir='ltr'><strong>ecclesie</strong></span> <span class='ocrx_word' id='word_1_344' title='bbox 950 4280 1071 4367; x_wconf 86' lang='lat' dir='ltr'><strong>accipit</strong></span> <span class='ocrx_word' id='word_1_345' title='bbox 1091 4278 1197 4345; x_wconf 86' lang='lat' dir='ltr'><strong>aliam</strong></span> <span class='ocrx_word' id='word_1_346' title='bbox 1240 4280 1402 4345; x_wconf 69' lang='lat' dir='ltr'><strong>Sacerdos</strong></span> <span class='ocrx_word' id='word_1_347' title='bbox 1425 4297 1553 4347; x_wconf 89' lang='lat' dir='ltr'><strong>mortua</strong></span> <span class='ocrx_word' id='word_1_348' title='bbox 1575 4282 1680 4369; x_wconf 88' lang='lat' dir='ltr'><strong>prima</strong></span> <span class='ocrx_word' id='word_1_349' title='bbox 1701 4303 1802 4345; x_wconf 75' lang='lat' dir='ltr'><strong>uxore</strong></span> <span class='ocrx_word' id='word_1_350' title='bbox 1824 4280 1942 4365; x_wconf 85' lang='lat' dir='ltr'><strong>accipit</strong></span> <span class='ocrx_word' id='word_1_351' title='bbox 1964 4278 2070 4343; x_wconf 75' lang='lat' dir='ltr'><strong>aliani.</strong></span> <span class='ocrx_word' id='word_1_352' title='bbox 2090 4296 2122 4347; x_wconf 73' lang='lat' dir='ltr'><strong>lt</strong></span> 
     </span>
    </p>
   </div>
   <div class='ocr_carea' id='block_1_7' title="bbox 400 4410 2123 5081">
    <p class='ocr_par' dir='ltr' id='par_1_10' title="bbox 400 4410 2123 5081">
     <span class='ocr_line' id='line_1_32' title="bbox 525 4410 2122 4495; baseline 0 -18"><span class='ocrx_word' id='word_1_353' title='bbox 525 4412 657 4477; x_wconf 82' lang='lat' dir='ltr'><strong>Habeat</strong></span> <span class='ocrx_word' id='word_1_354' title='bbox 678 4414 782 4478; x_wconf 84' lang='lat' dir='ltr'><strong>eciam</strong></span> <span class='ocrx_word' id='word_1_355' title='bbox 805 4426 871 4477; x_wconf 72' lang='lat' dir='ltr'><strong>tros</strong></span> <span class='ocrx_word' id='word_1_356' title='bbox 893 4414 1025 4475; x_wconf 73' lang='lat' dir='ltr'><strong>missas:</strong></span> <span class='ocrx_word' id='word_1_357' title='bbox 1046 4434 1143 4476; x_wconf 77' lang='lat' dir='ltr'><strong>anam</strong></span> <span class='ocrx_word' id='word_1_358' title='bbox 1166 4412 1317 4477; x_wconf 63' lang='lat' dir='ltr'><strong>uidelicet</strong></span> <span class='ocrx_word' id='word_1_359' title='bbox 1339 4413 1490 4495; x_wconf 75' lang='lat' dir='ltr'><strong>Nestorii,</strong></span> <span class='ocrx_word' id='word_1_360' title='bbox 1513 4411 1610 4477; x_wconf 84' lang='lat' dir='ltr'><strong>aliam</strong></span> <span class='ocrx_word' id='word_1_361' title='bbox 1633 4410 1816 4485; x_wconf 72' lang='lat' dir='ltr'><strong>Theodori,</strong></span> <span class='ocrx_word' id='word_1_362' title='bbox 1838 4412 1986 4495; x_wconf 76' lang='lat' dir='ltr'><strong>iringistri</strong></span> <span class='ocrx_word' id='word_1_363' title='bbox 2011 4410 2070 4475; x_wconf 68' lang='lat' dir='ltr'><strong>Nc·</strong></span> <span class='ocrx_word' id='word_1_364' title='bbox 2091 4428 2122 4477; x_wconf 72' lang='lat' dir='ltr'><strong>nt</strong></span> 
     </span>
     <span class='ocr_line' id='line_1_33' title="bbox 400 4524 2120 4615; baseline -0.002 -20"><span class='ocrx_word' id='word_1_365' title='bbox 400 4532 504 4597; x_wconf 86' lang='lat' dir='ltr'><strong>atorii.</strong></span> <span class='ocrx_word' id='word_1_366' title='bbox 547 4528 655 4593; x_wconf 70' lang='lat' dir='ltr'><strong>Atiam</strong></span> <span class='ocrx_word' id='word_1_367' title='bbox 677 4528 788 4593; x_wconf 89' lang='lat' dir='ltr'><strong>dicunt</strong></span> <span class='ocrx_word' id='word_1_368' title='bbox 809 4552 881 4591; x_wconf 57' lang='lat' dir='ltr'><strong>esse</strong></span> <span class='ocrx_word' id='word_1_369' title='bbox 902 4524 1139 4613; x_wconf 81' lang='lat' dir='ltr'><strong>apostolorum,</strong></span> <span class='ocrx_word' id='word_1_370' title='bbox 1166 4529 1199 4591; x_wconf 90' lang='lat' dir='ltr'><strong>ia</strong></span> <span class='ocrx_word' id='word_1_371' title='bbox 1228 4552 1293 4615; x_wconf 87' lang='lat' dir='ltr'><strong>qua</strong></span> <span class='ocrx_word' id='word_1_372' title='bbox 1323 4528 1420 4593; x_wconf 80' lang='lat' dir='ltr'><strong>nicliil</strong></span> <span class='ocrx_word' id='word_1_373' title='bbox 1449 4545 1479 4594; x_wconf 87' lang='lat' dir='ltr'><strong>et</strong></span> <span class='ocrx_word' id='word_1_374' title='bbox 1513 4530 1642 4593; x_wconf 72' lang='lat' dir='ltr'><strong>omnisne</strong></span> <span class='ocrx_word' id='word_1_375' title='bbox 1664 4526 1703 4591; x_wconf 88' lang='lat' dir='ltr'><strong>de</strong></span> <span class='ocrx_word' id='word_1_376' title='bbox 1728 4530 1831 4593; x_wconf 75' lang='lat' dir='ltr'><strong>lectita</strong></span> <span class='ocrx_word' id='word_1_377' title='bbox 1854 4528 1997 4615; x_wconf 66' lang='lat' dir='ltr'><strong>corperis</strong></span> <span class='ocrx_word' id='word_1_378' title='bbox 2021 4526 2071 4591; x_wconf 77' lang='lat' dir='ltr'><strong>vel</strong></span> <span class='ocrx_word' id='word_1_379' title='bbox 2090 4548 2120 4597; x_wconf 70' lang='lat' dir='ltr'><strong>ot</strong></span> 
     </span>
     <span class='ocr_line' id='line_1_34' title="bbox 401 4640 2121 4733; baseline -0.003 -22"><span class='ocrx_word' id='word_1_380' title='bbox 401 4647 579 4733; x_wconf 70' lang='lat' dir='ltr'><strong>sanguinis</strong></span> <span class='ocrx_word' id='word_1_381' title='bbox 622 4644 659 4709; x_wconf 84' lang='lat' dir='ltr'><strong>ln</strong></span> <span class='ocrx_word' id='word_1_382' title='bbox 678 4644 753 4707; x_wconf 89' lang='lat' dir='ltr'><strong>aliis</strong></span> <span class='ocrx_word' id='word_1_383' title='bbox 775 4646 883 4709; x_wconf 77' lang='lat' dir='ltr'><strong>missia</strong></span> <span class='ocrx_word' id='word_1_384' title='bbox 905 4640 978 4707; x_wconf 86' lang='lat' dir='ltr'><strong>licet</strong></span> <span class='ocrx_word' id='word_1_385' title='bbox 1000 4641 1123 4729; x_wconf 80' lang='lat' dir='ltr'><strong>aliquid</strong></span> <span class='ocrx_word' id='word_1_386' title='bbox 1145 4644 1186 4707; x_wconf 88' lang='lat' dir='ltr'><strong>sit</strong></span> <span class='ocrx_word' id='word_1_387' title='bbox 1210 4642 1252 4705; x_wconf 85' lang='lat' dir='ltr'><strong>de</strong></span> <span class='ocrx_word' id='word_1_388' title='bbox 1273 4646 1387 4716; x_wconf 74' lang='lat' dir='ltr'><strong>mma,</strong></span> <span class='ocrx_word' id='word_1_389' title='bbox 1410 4668 1472 4709; x_wconf 85' lang='lat' dir='ltr'><strong>non</strong></span> <span class='ocrx_word' id='word_1_390' title='bbox 1496 4660 1543 4707; x_wconf 76' lang='lat' dir='ltr'><strong>est</strong></span> <span class='ocrx_word' id='word_1_391' title='bbox 1560 4660 1666 4707; x_wconf 76' lang='lat' dir='ltr'><strong>minen</strong></span> <span class='ocrx_word' id='word_1_392' title='bbox 1687 4644 1826 4709; x_wconf 83' lang='lat' dir='ltr'><strong>intem-io</strong></span> <span class='ocrx_word' id='word_1_393' title='bbox 1843 4666 1962 4720; x_wconf 84' lang='lat' dir='ltr'><strong>eorum,</strong></span> <span class='ocrx_word' id='word_1_394' title='bbox 1986 4640 2071 4729; x_wconf 73' lang='lat' dir='ltr'><strong>spent</strong></span> <span class='ocrx_word' id='word_1_395' title='bbox 2090 4660 2121 4707; x_wconf 70' lang='lat' dir='ltr'><strong>tt</strong></span> 
     </span>
     <span class='ocr_line' id='line_1_35' title="bbox 401 4756 2071 4849; baseline -0.005 -22"><span class='ocrx_word' id='word_1_396' title='bbox 401 4776 477 4827; x_wconf 77' lang='lat' dir='ltr'><strong>triac</strong></span> <span class='ocrx_word' id='word_1_397' title='bbox 499 4777 703 4838; x_wconf 71' lang='lat' dir='ltr'><strong>consecrent,</strong></span> <span class='ocrx_word' id='word_1_398' title='bbox 730 4760 787 4825; x_wconf 73' lang='lat' dir='ltr'><strong>ssd</strong></span> <span class='ocrx_word' id='word_1_399' title='bbox 809 4776 922 4849; x_wconf 72' lang='lat' dir='ltr'><strong>postea</strong></span> <span class='ocrx_word' id='word_1_400' title='bbox 943 4756 986 4822; x_wconf 86' lang='lat' dir='ltr'><strong>ad</strong></span> <span class='ocrx_word' id='word_1_401' title='bbox 1008 4758 1103 4821; x_wconf 84' lang='lat' dir='ltr'><strong>tinem</strong></span> <span class='ocrx_word' id='word_1_402' title='bbox 1125 4762 1236 4837; x_wconf 71' lang='lat' dir='ltr'><strong>unisse,</strong></span> <span class='ocrx_word' id='word_1_403' title='bbox 1265 4758 1307 4821; x_wconf 68' lang='lat' dir='ltr'><strong>acl</strong></span> <span class='ocrx_word' id='word_1_404' title='bbox 1330 4758 1493 4847; x_wconf 84' lang='lat' dir='ltr'><strong>quandam</strong></span> <span class='ocrx_word' id='word_1_405' title='bbox 1521 4762 1764 4823; x_wconf 71' lang='lat' dir='ltr'><strong>lintwarlntu·tn</strong></span> <span class='ocrx_word' id='word_1_406' title='bbox 1788 4758 1929 4845; x_wconf 59' lang='lat' dir='ltr'><strong>spriritus</strong></span> <span class='ocrx_word' id='word_1_407' title='bbox 1952 4758 2071 4821; x_wconf 67' lang='lat' dir='ltr'><strong>Satis-ti.</strong></span> 
     </span>
     <span class='ocr_line' id='line_1_36' title="bbox 401 4858 2123 4971; baseline -0.005 -28"><span class='ocrx_word' id='word_1_408' title='bbox 401 4876 446 4943; x_wconf 73' lang='lat' dir='ltr'><strong>Bt</strong></span> <span class='ocrx_word' id='word_1_409' title='bbox 466 4876 549 4943; x_wconf 82' lang='lat' dir='ltr'><strong>alios</strong></span> <span class='ocrx_word' id='word_1_410' title='bbox 569 4892 615 4941; x_wconf 88' lang='lat' dir='ltr'><strong>tot</strong></span> <span class='ocrx_word' id='word_1_411' title='bbox 635 4900 761 4939; x_wconf 78' lang='lat' dir='ltr'><strong>errores</strong></span> <span class='ocrx_word' id='word_1_412' title='bbox 781 4878 911 4954; x_wconf 70' lang='lat' dir='ltr'><strong>hats-nt,</strong></span> <span class='ocrx_word' id='word_1_413' title='bbox 933 4872 1018 4963; x_wconf 83' lang='lat' dir='ltr'><strong>quod</strong></span> <span class='ocrx_word' id='word_1_414' title='bbox 1040 4872 1171 4951; x_wconf 57' lang='lat' dir='ltr'><strong>lausaim</strong></span> <span class='ocrx_word' id='word_1_415' title='bbox 1192 4890 1278 4937; x_wconf 66' lang='lat' dir='ltr'><strong>esset</strong></span> <span class='ocrx_word' id='word_1_416' title='bbox 1299 4876 1459 4962; x_wconf 67' lang='lat' dir='ltr'><strong>pronepti.</strong></span> <span class='ocrx_word' id='word_1_417' title='bbox 1502 4874 1543 4939; x_wconf 77' lang='lat' dir='ltr'><strong>Et</strong></span> <span class='ocrx_word' id='word_1_418' title='bbox 1567 4888 1601 4937; x_wconf 76' lang='lat' dir='ltr'><strong>vt</strong></span> <span class='ocrx_word' id='word_1_419' title='bbox 1625 4872 1725 4939; x_wconf 89' lang='lat' dir='ltr'><strong>multa</strong></span> <span class='ocrx_word' id='word_1_420' title='bbox 1750 4874 1892 4936; x_wconf 72' lang='lat' dir='ltr'><strong>lrrcniter</strong></span> <span class='ocrx_word' id='word_1_421' title='bbox 1911 4858 2123 4971; x_wconf 43' lang='lat' dir='ltr'><strong>colligasti?</strong></span> 
     </span>
     <span class='ocr_line' id='line_1_37' title="bbox 400 4988 2069 5081; baseline -0.008 -21"><span class='ocrx_word' id='word_1_422' title='bbox 400 5016 557 5081; x_wconf 73' lang='lat' dir='ltr'><strong>expresse</strong></span> <span class='ocrx_word' id='word_1_423' title='bbox 576 4992 801 5056; x_wconf 60' lang='lat' dir='ltr'><strong>cannulis-nat</strong></span> <span class='ocrx_word' id='word_1_424' title='bbox 823 4992 868 5057; x_wconf 83' lang='lat' dir='ltr'><strong>illl</strong></span> <span class='ocrx_word' id='word_1_425' title='bbox 890 4990 1000 5060; x_wconf 68' lang='lat' dir='ltr'><strong>verbo.</strong></span> <span class='ocrx_word' id='word_1_426' title='bbox 1021 4988 1105 5077; x_wconf 78' lang='lat' dir='ltr'><strong>quud</strong></span> <span class='ocrx_word' id='word_1_427' title='bbox 1127 4988 1210 5053; x_wconf 78' lang='lat' dir='ltr'><strong>«lixit</strong></span> <span class='ocrx_word' id='word_1_428' title='bbox 1232 5014 1375 5053; x_wconf 76' lang='lat' dir='ltr'><strong>ssrrrnnns</strong></span> <span class='ocrx_word' id='word_1_429' title='bbox 1395 4992 1631 5066; x_wconf 53' lang='lat' dir='ltr'><strong>iungisteff’tz</strong></span> <span class='ocrx_word' id='word_1_430' title='bbox 1661 4996 1759 5056; x_wconf 74' lang='lat' dir='ltr'><strong>..Arta</strong></span> <span class='ocrx_word' id='word_1_431' title='bbox 1782 5002 1824 5049; x_wconf 83' lang='lat' dir='ltr'><strong>est</strong></span> <span class='ocrx_word' id='word_1_432' title='bbox 1851 4994 1914 5054; x_wconf 80' lang='lat' dir='ltr'><strong>ria.</strong></span> <span class='ocrx_word' id='word_1_433' title='bbox 1943 5012 1996 5069; x_wconf 79' lang='lat' dir='ltr'><strong>qne</strong></span> <span class='ocrx_word' id='word_1_434' title='bbox 2019 4996 2069 5047; x_wconf 69' lang='lat' dir='ltr'><strong>sla·</strong></span> 
     </span>
    </p>
   </div>
   <div class='ocr_carea' id='block_1_8' title="bbox 401 5114 718 5173">
    <p class='ocr_par' dir='ltr' id='par_1_11' title="bbox 401 5114 718 5173">
     <span class='ocr_line' id='line_1_38' title="bbox 401 5114 718 5173; baseline -0.003 -1"><span class='ocrx_word' id='word_1_435' title='bbox 401 5116 442 5173; x_wconf 81' lang='lat' dir='ltr'><strong>es&#39;r</strong></span> <span class='ocrx_word' id='word_1_436' title='bbox 463 5116 507 5171; x_wconf 75' lang='lat' dir='ltr'><strong>ad</strong></span> <span class='ocrx_word' id='word_1_437' title='bbox 526 5114 616 5169; x_wconf 75' lang='lat' dir='ltr'><strong>ritum</strong></span> <span class='ocrx_word' id='word_1_438' title='bbox 637 5124 687 5171; x_wconf 76' lang='lat' dir='ltr'><strong>etc·</strong></span> <span class='ocrx_word' id='word_1_439' title='bbox 699 5125 718 5141; x_wconf 81' lang='lat'><strong>‘⁰</strong></span> 
     </span>
    </p>
   </div>
   <div class='ocr_carea' id='block_1_9' title="bbox 528 5236 2123 5327">
    <p class='ocr_par' dir='ltr' id='par_1_12' title="bbox 528 5236 2123 5327">
     <span class='ocr_line' id='line_1_39' title="bbox 528 5236 2123 5327; baseline -0.003 -22"><span class='ocrx_word' id='word_1_440' title='bbox 528 5240 659 5308; x_wconf 84' lang='lat' dir='ltr'><strong>Dicunt.</strong></span> <span class='ocrx_word' id='word_1_441' title='bbox 680 5238 766 5327; x_wconf 79' lang='lat' dir='ltr'><strong>qnod</strong></span> <span class='ocrx_word' id='word_1_442' title='bbox 791 5240 929 5301; x_wconf 67' lang='lat' dir='ltr'><strong>sortis-iar</strong></span> <span class='ocrx_word' id='word_1_443' title='bbox 946 5236 1141 5310; x_wconf 76' lang='lat' dir='ltr'><strong>l,’lrri·tiano‚</strong></span> <span class='ocrx_word' id='word_1_444' title='bbox 1165 5238 1191 5301; x_wconf 83' lang='lat' dir='ltr'><strong>si</strong></span> <span class='ocrx_word' id='word_1_445' title='bbox 1215 5239 1313 5301; x_wconf 72' lang='lat' dir='ltr'><strong>iaciat</strong></span> <span class='ocrx_word' id='word_1_446' title='bbox 1337 5238 1396 5303; x_wconf 74' lang='lat' dir='ltr'><strong>sibi</strong></span> <span class='ocrx_word' id='word_1_447' title='bbox 1422 5242 1548 5323; x_wconf 71' lang='lat' dir='ltr'><strong>»ignaru</strong></span> <span class='ocrx_word' id='word_1_448' title='bbox 1571 5242 1676 5303; x_wconf 75' lang='lat' dir='ltr'><strong>ernei-</strong></span> <span class='ocrx_word' id='word_1_449' title='bbox 1700 5262 1796 5325; x_wconf 80' lang='lat' dir='ltr'><strong>-uper</strong></span> <span class='ocrx_word' id='word_1_450' title='bbox 1818 5240 1933 5301; x_wconf 80' lang='lat' dir='ltr'><strong>faciem</strong></span> <span class='ocrx_word' id='word_1_451' title='bbox 1955 5252 1985 5299; x_wconf 82' lang='lat' dir='ltr'><strong>et</strong></span> <span class='ocrx_word' id='word_1_452' title='bbox 2004 5252 2070 5301; x_wconf 79' lang='lat' dir='ltr'><strong>oret</strong></span> <span class='ocrx_word' id='word_1_453' title='bbox 2093 5246 2123 5291; x_wconf 70' lang='lat' dir='ltr'><strong>i·</strong></span> 
     </span>
    </p>
   </div>
   <div class='ocr_carea' id='block_1_10' title="bbox 402 5352 2123 5441">
    <p class='ocr_par' dir='ltr' id='par_1_13' title="bbox 402 5352 2123 5441">
     <span class='ocr_line' id='line_1_40' title="bbox 402 5352 2123 5441; baseline -0.002 -20"><span class='ocrx_word' id='word_1_454' title='bbox 402 5356 446 5421; x_wconf 86' lang='lat' dir='ltr'><strong>ad</strong></span> <span class='ocrx_word' id='word_1_455' title='bbox 465 5358 621 5421; x_wconf 82' lang='lat' dir='ltr'><strong>orieritem</strong></span> <span class='ocrx_word' id='word_1_456' title='bbox 643 5373 675 5419; x_wconf 81' lang='lat' dir='ltr'><strong>et</strong></span> <span class='ocrx_word' id='word_1_457' title='bbox 695 5354 843 5418; x_wconf 63' lang='lat' dir='ltr'><strong>cernulat</strong></span> <span class='ocrx_word' id='word_1_458' title='bbox 868 5378 983 5417; x_wconf 71' lang='lat' dir='ltr'><strong>cante·</strong></span> <span class='ocrx_word' id='word_1_459' title='bbox 1007 5354 1167 5437; x_wconf 70' lang='lat' dir='ltr'><strong>pne-inas.</strong></span> <span class='ocrx_word' id='word_1_460' title='bbox 1201 5352 1277 5417; x_wconf 75' lang='lat' dir='ltr'><strong>Alia</strong></span> <span class='ocrx_word' id='word_1_461' title='bbox 1300 5376 1387 5420; x_wconf 72' lang='lat' dir='ltr'><strong>cero.</strong></span> <span class='ocrx_word' id='word_1_462' title='bbox 1411 5380 1472 5439; x_wconf 86' lang='lat' dir='ltr'><strong>qne</strong></span> <span class='ocrx_word' id='word_1_463' title='bbox 1494 5354 1625 5428; x_wconf 77' lang='lat' dir='ltr'><strong>addtmt.</strong></span> <span class='ocrx_word' id='word_1_464' title='bbox 1649 5370 1722 5418; x_wconf 86' lang='lat' dir='ltr'><strong>·&#39;mt</strong></span> <span class='ocrx_word' id='word_1_465' title='bbox 1746 5353 1884 5439; x_wconf 67' lang='lat' dir='ltr'><strong>questam</strong></span> <span class='ocrx_word' id='word_1_466' title='bbox 1906 5356 2123 5441; x_wconf 64' lang='lat' dir='ltr'><strong>perticus-³1¹·</strong></span> 
     </span>
    </p>
   </div>
   <div class='ocr_carea' id='block_1_11' title="bbox 405 5447 2124 5550">
    <p class='ocr_par' dir='ltr' id='par_1_14' title="bbox 405 5447 2124 5550">
     <span class='ocr_line' id='line_1_41' title="bbox 405 5447 2124 5550; baseline 0.022 -37"><span class='ocrx_word' id='word_1_467' title='bbox 405 5496 471 5537; x_wconf 58' lang='lat' dir='ltr'><strong>m</strong></span> <span class='ocrx_word' id='word_1_468' title='bbox 515 5474 597 5535; x_wconf 66' lang='lat' dir='ltr'><strong>sum</strong></span> <span class='ocrx_word' id='word_1_469' title='bbox 619 5472 705 5535; x_wconf 53' lang='lat' dir='ltr'><strong>enim</strong></span> <span class='ocrx_word' id='word_1_470' title='bbox 726 5494 842 5544; x_wconf 66' lang='lat' dir='ltr'><strong>MW&#39;</strong></span> <span class='ocrx_word' id='word_1_471' title='bbox 866 5469 1082 5534; x_wconf 74' lang='lat' dir='ltr'><strong>abstinencie.</strong></span> <span class='ocrx_word' id='word_1_472' title='bbox 1111 5468 1245 5533; x_wconf 87' lang='lat' dir='ltr'><strong>multura</strong></span> <span class='ocrx_word' id='word_1_473' title='bbox 1269 5486 1362 5533; x_wconf 82' lang='lat' dir='ltr'><strong>oram</strong></span> <span class='ocrx_word' id='word_1_474' title='bbox 1383 5486 1414 5535; x_wconf 79' lang='lat' dir='ltr'><strong>et</strong></span> <span class='ocrx_word' id='word_1_475' title='bbox 1436 5470 1569 5535; x_wconf 82' lang='lat' dir='ltr'><strong>asnltnm</strong></span> <span class='ocrx_word' id='word_1_476' title='bbox 1593 5472 1745 5535; x_wconf 84' lang='lat' dir='ltr'><strong>ieiunant.</strong></span> <span class='ocrx_word' id='word_1_477' title='bbox 1787 5468 1941 5542; x_wconf 50' lang='lat' dir='ltr'><strong>tunensi</strong></span> <span class='ocrx_word' id='word_1_478' title='bbox 1964 5447 2124 5550; x_wconf 62' lang='lat' dir='ltr'><strong>‘&#39;⁰1¹¹1&#39;1lll</strong></span> 
     </span>
    </p>
   </div>
   <div class='ocr_carea' id='block_1_12' title="bbox 470 5670 2073 5851">
    <p class='ocr_par' dir='ltr' id='par_1_15' title="bbox 470 5670 2073 5851">
     <span class='ocr_line' id='line_1_42' title="bbox 470 5670 2061 5749; baseline 0.001 -21"><span class='ocrx_word' id='word_1_479' title='bbox 470 5678 527 5735; x_wconf 71' lang='grc'><strong>172</strong></span> <span class='ocrx_word' id='word_1_480' title='bbox 558 5694 656 5749; x_wconf 68' lang='lat' dir='ltr'><strong>pom</strong></span> <span class='ocrx_word' id='word_1_481' title='bbox 678 5670 705 5731; x_wconf 73' lang='lat' dir='ltr'><strong><em>G</em></strong></span> <span class='ocrx_word' id='word_1_482' title='bbox 1329 5678 1383 5731; x_wconf 71' lang='lat'><strong>175</strong></span> <span class='ocrx_word' id='word_1_483' title='bbox 1418 5676 1578 5729; x_wconf 62' lang='lat' dir='ltr'><strong>‚wa-arbela</strong></span> <span class='ocrx_word' id='word_1_484' title='bbox 1608 5679 1730 5731; x_wconf 61' lang='lat' dir='ltr'><strong>lurum</strong></span> <span class='ocrx_word' id='word_1_485' title='bbox 1752 5686 1816 5733; x_wconf 74' lang='lat' dir='ltr'><strong>tuni</strong></span> <span class='ocrx_word' id='word_1_486' title='bbox 1839 5674 1931 5742; x_wconf 59' lang='lat' dir='ltr'><strong>merl,</strong></span> <span class='ocrx_word' id='word_1_487' title='bbox 1963 5672 2061 5731; x_wconf 67' lang='lat' dir='ltr'><strong>“istu</strong></span> 
     </span>
     <span class='ocr_line' id='line_1_43' title="bbox 1262 5774 2073 5851; baseline 0 -24"><span class='ocrx_word' id='word_1_488' title='bbox 1262 5790 1324 5827; x_wconf 77' lang='lat' dir='ltr'><strong>tntu</strong></span> <span class='ocrx_word' id='word_1_489' title='bbox 1354 5792 1446 5837; x_wconf 65' lang='lat' dir='ltr'><strong>renus</strong></span> <span class='ocrx_word' id='word_1_490' title='bbox 1500 5774 1683 5839; x_wconf 75' lang='lat' dir='ltr'><strong>ituranemm</strong></span> <span class='ocrx_word' id='word_1_491' title='bbox 1715 5776 1820 5831; x_wconf 76' lang='lat' dir='ltr'><strong>frustra</strong></span> <span class='ocrx_word' id='word_1_492' title='bbox 1848 5774 1991 5836; x_wconf 78' lang='lat' dir='ltr'><strong>ensi-ulut,</strong></span> <span class='ocrx_word' id='word_1_493' title='bbox 2026 5793 2073 5851; x_wconf 84' lang='lat' dir='ltr'><strong>qur</strong></span> 
     </span>
    </p>
   </div>
   <div class='ocr_carea' id='block_1_13' title="bbox 471 5822 1873 5929">
    <p class='ocr_par' dir='ltr' id='par_1_16' title="bbox 471 5822 1873 5929">
     <span class='ocr_line' id='line_1_44' title="bbox 471 5822 708 5883; baseline -0.008 0"><span class='ocrx_word' id='word_1_494' title='bbox 471 5828 526 5883; x_wconf 66' lang='grc' dir='ltr'><strong>Ιῖλ</strong></span> <span class='ocrx_word' id='word_1_495' title='bbox 561 5842 647 5879; x_wconf 76' lang='lat' dir='ltr'><strong>nanu</strong></span> <span class='ocrx_word' id='word_1_496' title='bbox 669 5822 708 5881; x_wconf 72' lang='lat' dir='ltr'><strong>li.</strong></span> 
     </span>
     <span class='ocr_line' id='line_1_45' title="bbox 1262 5872 1873 5929; baseline 0.002 -2"><span class='ocrx_word' id='word_1_497' title='bbox 1262 5890 1315 5927; x_wconf 75' lang='lat' dir='ltr'><strong>ner</strong></span> <span class='ocrx_word' id='word_1_498' title='bbox 1340 5872 1491 5929; x_wconf 70' lang='lat' dir='ltr'><strong>wssebnts</strong></span> <span class='ocrx_word' id='word_1_499' title='bbox 1512 5872 1617 5927; x_wconf 60' lang='lat' dir='ltr'><strong>balent</strong></span> <span class='ocrx_word' id='word_1_500' title='bbox 1640 5892 1693 5929; x_wconf 77' lang='lat' dir='ltr'><strong>nec</strong></span> <span class='ocrx_word' id='word_1_501' title='bbox 1718 5872 1873 5928; x_wconf 70' lang='lat' dir='ltr'><strong>userabnla</strong></span> 
     </span>
    </p>
   </div>
   <div class='ocr_carea' id='block_1_14' title="bbox 474 5968 1674 6049">
    <p class='ocr_par' dir='ltr' id='par_1_17' title="bbox 474 5968 1674 6049">
     <span class='ocr_line' id='line_1_46' title="bbox 474 5968 1674 6049; baseline 0.033 -58"><span class='ocrx_word' id='word_1_502' title='bbox 474 5976 529 6031; x_wconf 52' lang='grc' dir='ltr'><strong>ιη</strong></span> <span class='ocrx_word' id='word_1_503' title='bbox 567 5992 697 6047; x_wconf 43' lang='lat' dir='ltr'><strong>,ww</strong></span> <span class='ocrx_word' id='word_1_504' title='bbox 721 5996 744 6042; x_wconf 36' lang='grc' dir='ltr'><strong>,Ι</strong></span> <span class='ocrx_word' id='word_1_505' title='bbox 768 5975 870 6049; x_wconf 46' lang='grc' dir='ltr'><strong>,Ψ</strong></span> <span class='ocrx_word' id='word_1_506' title='bbox 1327 5973 1382 6027; x_wconf 72' lang='lat' dir='ltr'><strong>tta</strong></span> <span class='ocrx_word' id='word_1_507' title='bbox 1419 5968 1508 6025; x_wconf 66' lang='lat' dir='ltr'><strong>nsum</strong></span> <span class='ocrx_word' id='word_1_508' title='bbox 1543 5968 1600 6031; x_wconf 74' lang='lat' dir='ltr'><strong>vu</strong></span> <span class='ocrx_word' id='word_1_509' title='bbox 1641 5976 1674 6031; x_wconf 83' lang='lat' dir='ltr'><strong>tt</strong></span> 
     </span>
    </p>
   </div>
   <div class='ocr_carea' id='block_1_15' title="bbox 0 0 2648 7042">
    <p class='ocr_par' dir='ltr' id='par_1_18' title="bbox 0 0 2648 7042">
     <span class='ocr_line' id='line_1_47' title="bbox 0 0 2648 7042; baseline 0 0"><span class='ocrx_word' id='word_1_510' title='bbox 0 0 2648 7042; x_wconf 95' lang='lat' dir='ltr'><strong> </strong></span> 
     </span>
    </p>
   </div>
  </div>
 </body>
</html>
