5284 7042
1219 726 1276 787 ¹25

419 902 582 971 stabamus
603 902 761 969 humiliter
784 914 817 967 ct
837 904 1031 990 importune,
1052 914 1088 967 vt
1108 900 1242 967 verbum
1257 900 1322 967 Dei
1344 899 1502 969 audirent.
1539 900 1622 969 Cum
1642 914 1748 967 autem
1771 914 1949 979 renuerent,
1970 904 2125 976 timeri-21

418 1032 478 1101 tes,
499 1042 540 1083 ne
560 1020 650 1105 ipsos
671 1018 910 1105 deciperemus,
931 1040 990 1105 per
1012 1016 1250 1105 simplicitatem
1272 1018 1432 1105 scriptura
1454 1016 1609 1083 videbant
1630 1040 1689 1081 nos
1713 1040 1784 1081 esse
1799 1016 1945 1083 homines
1961 1018 2080 1083 littera·

419 1148 479 1217 tos,
498 1147 530 1199 et
549 1132 701 1199 dicebant
721 1134 762 1199 de
782 1133 892 1199 nobis:
915 1132 972 1216 „Si
991 1132 1210 1199 audiuerimus
1232 1154 1296 1215 eos,
1318 1132 1447 1199 trahent
1467 1156 1527 1199 nos
1549 1132 1592 1199 ad
1615 1156 1706 1199 suam
1727 1132 1896 1199 heresim.“
1938 1133 2082 1221 Contigit
2100 1150 2132 1201 tt

418 1264 524 1317 sutem
546 1248 587 1313 de
612 1261 706 1313 nocte
728 1260 948 1329 terremotus,
971 1260 1006 1313 vt
1028 1250 1213 1313 timeremus
1232 1270 1297 1313 non
1326 1248 1427 1313 solnm
1450 1250 1688 1329 monasterium,
1711 1248 1768 1313 sed
1792 1260 1823 1313 et
1845 1260 1948 1314 totum
1966 1274 2081 1315 aarum

2100 1342 2132 1392 ²³

422 1377 452 1430 et
474 1376 614 1431 montem
635 1364 730 1429 dirui.
770 1364 850 1429 Post
870 1364 928 1429 bec
950 1387 1028 1429 cero
1049 1362 1242 1428 audiuerant
1263 1364 1397 1449 pacifice
1420 1364 1687 1451 predicacionem.
1722 1364 1856 1429 Etcum
1879 1364 2082 1447 audiuerant,
2099 1410 2132 1461 Ἠ

419 1481 506 1569 quod
537 1480 781 1547 intendebamus
808 1478 973 1546 destruere
1002 1502 1127 1545 errores
1155 1501 1282 1560 eorum,
1310 1478 1461 1545 arbitrati
1492 1494 1579 1561 sunt,
1608 1478 1694 1567 quod
1717 1492 1848 1567 possent
1869 1504 1928 1545 nos
1951 1478 2082 1567 publiea

419 1596 642 1684 disputacione
663 1618 826 1683 superare.
869 1594 1103 1661 conuenientes
1135 1605 1241 1659 autem
1270 1618 1311 1659 ex
1346 1594 1494 1661 condicto
1520 1595 1562 1660 ad
1593 1594 1849 1682 disputacionem
1873 1596 2083 1661 ostenderunt
2101 1618 2132 1669 25

419 1736 454 1779 se
474 1736 546 1777 esse
566 1710 688 1778 alienos
707 1734 728 1775 a
750 1712 894 1775 ueritate.
937 1712 1002 1791 esa
1023 1708 1226 1774 multitudine
1239 1712 1293 1787 ¹⁴⁵)
1324 1736 1358 1775 se
1385 1722 1593 1777 armaucrunt
1614 1723 1645 1775 et
1666 1724 1846 1777 statuerunt
1868 1736 1964 1777 vnum
1986 1734 2083 1799 super
2101 1732 2134 1785 nn

419 1852 528 1894 ornnes
550 1830 748 1915 episcopum,
770 1850 863 1915 quem
885 1826 1080 1915 reputabant
1101 1827 1205 1911 magis
1226 1823 1403 1891 litteratum
1426 1838 1458 1889 et
1477 1826 1639 1913 ydoneum
1662 1826 1704 1891 ad
1727 1826 1996 1913 respondendnm.
2042 1828 2084 1893 Et
2101 1848 2133 1899 2¹1

419 1944 565 2009 accensis
593 1942 703 2007 multis
731 1944 832 2007 cereis
865 1942 906 2007 de
933 1956 1026 2007 nocte
1053 1964 1073 2006 a
1099 1939 1312 2007 luminaribus
1342 1942 1482 2027 copiosis
1518 1944 1550 2007 in
1580 1946 1722 2007 maximo
1749 1943 1901 2007 cenaculo
1932 1944 2084 2009 sederunt

420 2082 529 2125 omnes
550 2072 580 2123 et
603 2058 770 2137 dixerunt,
791 2058 877 2147 quod
897 2058 1093 2139 diceremus,
1120 2080 1183 2143 qua
1205 2056 1245 2121 do
1267 2078 1367 2121 eausa
1389 2058 1541 2122 inerimus
1563 2058 1604 2123 ad
1627 2080 1690 2123 cos.
1734 2058 1799 2121 Nos
1822 2070 1929 2123 antem
1951 2082 2083 2147 respon·
2102 2084 2134 2135 ῃ,

419 2174 538 2255 dimna,
565 2172 652 2261 quod
686 2176 846 2238 ineramus
876 2196 974 2237 cansa
1003 2172 1116 2237 salutis
1146 2196 1271 2254 corum,
1296 2181 1328 2237 et
1349 2186 1514 2261 assumpto
1538 2172 1635 2237 verbo
1665 2172 1960 2239 commenelnuimus
1981 2176 2015 2239 in
2038 2176 2083 2239 eis

419 2314 517 2377 opera
540 2290 838 2377 promissionisque
860 2286 1082 2369 ostendebant,
1104 2286 1225 2353 seilicet
1247 2302 1313 2353 tani
1335 2290 1479 2353 strictum
1504 2302 1621 2355 ettam
1644 2288 1773 2375 longum
1797 2292 1949 2355 ieiunium
1971 2306 2002 2355 et
2018 2314 2082 2355 ma-

419 2407 540 2471 ximam
570 2406 805 2471 abstinenciam
837 2418 868 2469 et
894 2404 1112 2491 prolixitatem
1143 2415 1176 2469 et
1201 2402 1408 2469 deuocionem
1440 2406 1615 2480 oracionis,
1646 2420 1676 2469 ct
1707 2404 1926 2471 adinrauimus
1949 2428 2003 2471 eos
2027 2430 2084 2493 per

419 2522 607 2607 ungrnnern
630 2520 803 2601 Crucifixi,
823 2543 917 2609 qtrem
939 2520 1080 2584 maxime
1101 2532 1309 2601 uenerantur,
1344 2542 1384 2583 ne
1406 2544 1477 2585 eum
1499 2534 1543 2585 tot
1565 2520 1731 2587 laboribus
1753 2544 1794 2585 ex
1816 2544 1874 2585 sna
1895 2521 2085 2587 infidelitate

419 2636 651 2703 descenderent
671 2636 715 2701 ad
737 2638 913 2719 infernum,
942 2648 973 2699 et
1002 2633 1162 2723 quomodo
1189 2634 1341 2699 errabant
1363 2636 1395 2701 in
1416 2635 1555 2704 Christo.
1599 2636 1681 2703 Crem
1703 2638 1788 2701 enim
1806 2634 1918 2701 dicunt
1939 2658 2008 2701 esse
2030 2660 2083 2701 ce·
2103 2662 2135 2711 29

417 2776 489 2819 rum
510 2752 617 2817 Deum
639 2766 672 2817 ct
691 2775 802 2817 verum
828 2752 1006 2833 bominem,
1029 2750 1139 2817 adeunt
1159 2773 1232 2814 eum
1256 2750 1376 2817 habere
1398 2773 1495 2817 vnam
1515 2764 1682 2835 naturam,
1715 2776 1811 2817 ruam
1833 2750 2028 2817 voluntatem
2053 2769 2083 2817 et

419 2890 516 2933 enam
542 2869 778 2955 operationem.
820 2868 863 2931 Et
884 2866 1050 2933 audientes
1073 2866 1206 2953 pacifice
1227 2866 1376 2931 raciones
1399 2880 1429 2931 et
1449 2870 1659 2935 auctoritates
1689 2882 1802 2933 conus
1823 2892 1875 2947 se,
1909 2870 1955 2933 ita
1978 2882 2081 2955 stupo-
2101 2880 2134 2931 33

419 2984 496 3049 facti
531 3000 620 3065 sunt,
648 2996 679 3047 et
706 2984 848 3071 priuauit
876 3006 929 3046 eos
951 2983 1091 3069 Spiritus
1112 2984 1249 3045 Sanetus
1277 2986 1486 3069 responsione
1514 2996 1546 3047 ct
1572 2982 1687 3065 verbo,
1718 2996 1752 3047 vt
1780 2983 1947 3049 silencinm
1973 3008 2082 3049 eornm

418 3098 567 3165 omnibus
589 3115 673 3163 esset
696 3102 728 3165 in
750 3114 913 3185 stuporem
935 3112 966 3162 et
987 3096 1080 3161 nobis
1102 3100 1190 3184 ipsis.
1225 3096 1268 3161 Et
1289 3102 1369 3185 ipse,
1390 3120 1485 3185 qnam
1508 3110 1686 3163 statuerant
1704 3097 1969 3187 respondentem,
1994 3102 2083 3187 prior
2100 3116 2130 3169 n

418 3214 567 3281 omnibus
594 3238 769 3281 conuersus
798 3228 857 3279 est.
898 3214 973 3278 Suis
999 3226 1105 3278 autem
1132 3214 1375 3300 increpantibus
1403 3236 1491 3295 enm,
1518 3237 1617 3303 quare
1646 3237 1708 3279 non
1736 3214 1971 3303 responderet?
2000 3214 2083 3279 dixit
2101 3234 2133 3285 ³2

419 3332 508 3397 cisra
529 3354 609 3397 voce
631 3334 665 3396 in
686 3329 812 3396 enideo:
846 3330 1018 3410 „Fratrem
1048 3328 1193 3413 significo
1214 3328 1323 3405 vobis,
1351 3330 1435 3417 qnod
1466 3330 1507 3395 ad
1539 3332 1601 3395 ista
1619 3352 1821 3418 nequaqnam
1844 3352 2013 3417 possumus
2035 3356 2082 3395 re·

418 3448 608 3536 sportelere.“
651 3446 823 3533 Extugens
854 3460 959 3511 autern
988 3468 1029 3511 ex
1058 3446 1105 3508 eis
1135 3466 1216 3507 rnna
1244 3446 1396 3533 antiquus
1427 3460 1458 3509 et
1485 3444 1682 3511 honorabilis
1711 3448 1792 3511 inter
1819 3470 1895 3529 eos,
1928 3470 2021 3535 quem
2044 3448 2084 3513 de
2102 3458 2134 3511 33

419 3565 600 3629 sanctitatis
622 3564 835 3651 prerognneia
856 3564 940 3627 inter
961 3584 1071 3625 omnes
1104 3558 1186 3625 alios
1214 3562 1356 3625 maxime
1378 3559 1665 3643 commendabant,
1694 3562 1778 3627 d'mit
1805 3585 1915 3627 coram
1936 3564 2084 3629 omnibus

419 3680 485 3745 slts
505 3702 584 3743 voce
605 3702 677 3744 eum
698 3679 854 3744 lacrimis:
879 3677 1052 3758 „Fratres,
1073 3678 1233 3741 annuncio
1254 3676 1357 3755 robis,
1378 3676 1463 3763 quod
1486 3678 1546 3741 iste
1568 3676 1754 3763 religiosus,
1776 3680 1830 3765 qui
1854 3680 1942 3743 venit
1963 3680 2005 3745 nd
2026 3704 2085 3747 nos

419 3794 460 3859 de
483 3796 631 3883 partibus
653 3792 922 3871 occidentalibus,
952 3805 986 3855 ct
1008 3792 1156 3872 dieit,et
1179 3791 1274 3857 inodo
1296 3794 1459 3857 internos
1482 3794 1652 3879 proposuit
1674 3792 1807 3859 verbum
1831 3793 1918 3875 Dei,
1950 3818 2014 3861 non
2037 3810 2084 3859 est

419 3910 532 3988 homo,
559 3910 686 3975 sedeat
708 3910 758 3975 vel
779 3908 928 3993 angelus,
951 3930 1047 3995 quem
1068 3907 1157 3971 misit
1175 3905 1266 3971 Dens
1287 3908 1329 3973 ad
1350 3932 1426 3989 nos,
1455 3918 1490 3971 vt
1512 3932 1575 3973 non
1598 3906 1824 3995 dampnemur,
1860 3908 1910 3975 vel
1934 3923 1982 3975 cat
2004 3933 2084 3975 vaus

419 4026 461 4091 de
479 4026 649 4114 apostolis,
677 4027 733 4113 qui
757 4039 849 4090 erant
877 4047 949 4089 eum
970 4024 1131 4091 Christo.“
1174 4022 1217 4088 Et
1238 4046 1412 4089 conuersus
1434 4022 1477 4089 ad
1497 4024 1630 4089 fratrem
1657 4024 1906 4111 predicatorem,
1934 4028 1988 4111 qui
2011 4050 2081 4115 pro·
2102 4042 2133 4093 at

420 4152 574 4231 posuerat
602 4140 753 4221 uerbum,
781 4141 881 4205 dixit:
908 4141 992 4223 „Dic
1014 4140 1167 4227 quiequid
1195 4142 1263 4221 eis,
1291 4152 1323 4203 et
1345 4138 1498 4229 quicquid
1522 4138 1645 4203 dixeris
1669 4142 1861 4227 recipiemus
1883 4162 1903 4205 a
1926 4150 1973 4221 te,
2003 4144 2085 4207 sient

418 4282 507 4323 esses
528 4280 611 4323 enus
632 4256 673 4321 de
693 4256 895 4345 apostolis!·‘
924 4256 966 4321 Et
994 4258 1134 4321 maiores
1161 4256 1289 4345 quidem
1317 4280 1428 4321 eorum
1458 4268 1667 4341 susceperunt
1689 4254 1824 4319 verbum
1847 4256 1879 4319 in
1901 4270 2082 4321 mansuetu·
2101 4276 2134 4325 33

417 4374 492 4439 dine
513 4390 543 4436 et
566 4374 783 4460 promiserunt
804 4372 908 4452 nobis,
930 4372 1015 4459 quod
1037 4371 1142 4451 iidem,
1164 4394 1261 4459 quarn
1283 4394 1304 4435 a
1327 4372 1420 4437 nobis
1435 4370 1614 4450 audierant,
1636 4371 1859 4435 inconcussam
1877 4384 1907 4433 et
1923 4372 2082 4454 integram

418 4503 647 4556 conseruerant
663 4490 716 4563 ¹⁸⁶,
739 4510 839 4573 vsepue
860 4488 902 4553 nd
924 4504 1070 4553 mortem.
1113 4486 1225 4551 Turba
1247 4510 1325 4553 vero
1347 4486 1484 4553 aliorum
1515 4485 1745 4552 monachorum
1769 4484 1888 4551 turbati
1911 4503 1984 4551 sunt
2006 4490 2081 4553 insi·
2101 4504 2134 4553 33

419 4610 544 4694 pientes
564 4604 672 4683 corde,
692 4616 724 4667 et
744 4606 967 4669 excitauerunt
991 4602 1187 4667 sedicionem
1208 4624 1273 4667 non
1295 4604 1465 4669 modicam.
1509 4602 1551 4669 Et
1584 4604 1687 4667 sactus
1709 4614 1758 4666 est
1779 4614 1887 4668 tantus
1909 4602 2030 4669 clamor
2052 4620 2082 4669 et
2100 4616 2131 4667 tt

417 4722 572 4787 tumultus
592 4724 675 4786 inter
695 4744 771 4800 eos,
799 4731 832 4781 rt
855 4722 1051 4792 timeremus,
1081 4742 1121 4783 ne
1139 4745 1174 4779 se
1194 4732 1303 4783 mutuo
1325 4718 1548 4785 interficerent.
1593 4716 1728 4783 Etcum
1751 4741 1861 4783 omnes
1883 4722 2029 4785 raciones
2051 4734 2083 4785 et
2100 4730 2133 4781 33

418 4840 578 4924 scripture
605 4837 794 4908 delicerent,
826 4834 992 4908 dixerunt,
1020 4834 1106 4921 ‹priod
1136 4838 1183 4899 eis
1211 4848 1294 4899 esset
1324 4834 1365 4899 ad
1389 4836 1597 4921 ignominiam
1621 4849 1651 4897 et
1672 4834 1901 4921 obprobrium,
1924 4848 1956 4899 n
1977 4836 2081 4906 iidem,

416 4976 512 5039 qnam
543 4971 652 5041 patres
683 4974 792 5017 eornm
819 4953 1041 5015 inconcn-sum
1073 4964 1242 5015 tentarant
1268 4952 1461 5035 octingentis
1493 4956 1603 5029 antiis,
1638 4948 1732 5015 modo
1760 4964 1921 5015 mutarent
1947 4964 2081 5037 propter

416 5068 575 5154 quosdam
596 5066 822 5134 occidentrdea.
843 5068 897 5153 qni
918 5088 990 5131 enin
1012 5064 1190 5151 loyealilms
1206 5066 1260 5138 ¹¹⁷:
1281 5078 1312 5129 et
1336 5065 1513 5131 sribtilitnte
1534 5080 1796 5151 argumentorum
1819 5064 2016 5129 seducebant
2030 5068 2083 5107 ¹⁰·

417 5206 471 5249 eos
524 5186 604 5251 Cum
627 5200 733 5248 antem
756 5186 788 5247 in
812 5184 922 5269 paneis
946 5180 1059 5247 elielms
1081 5195 1241 5246 cresceret
1260 5204 1411 5247 norrrerns
1435 5180 1587 5261 fidelium,
1610 5184 1686 5269 quia
1702 5180 1809 5269 plnres
1829 5204 1869 5245 ex
1888 5182 1934 5245 cis
1951 5204 2082 5245 conuer·
2101 5196 2134 5243 33

418 5298 584 5380 tebantor,
613 5302 715 5363 creuit
736 5300 823 5361 et¹⁸‘’
864 5299 983 5361 seniein
1008 5298 1130 5384 pariter
1158 5297 1350 5370 inlidelinm,
1378 5314 1519 5379 tantum,
1554 5296 1641 5385 qtrod
1662 5296 1772 5362 fideles
1797 5310 1992 5382 rogauertmt
2014 5320 2083 5377 nos,

418 5414 503 5503 qood
524 5417 587 5479 cito
609 5416 770 5479 exiremus
792 5412 832 5476 de
853 5416 1059 5484 monasterio,
1081 5436 1121 5477 ue
1144 5436 1202 5477 nos
1223 5412 1455 5500 discerperent.
1500 5412 1691 5481 l‘atriarehn
1716 5435 1825 5479 eorum
1849 5414 1953 5501 primo
1976 5422 2083 5477 tamen
2101 5426 2133 5477 13

418 5530 548 5617 publiea
570 5530 795 5619 ‹li-preturium·
816 5554 835 5593 a
858 5528 965 5598 riolris.
999 5552 1108 5617 ονιιιῐιιυ
1132 5554 1150 5591 a
1173 5528 1244 5593 lleo
1268 5526 1411 5593 totaliter
1433 5544 1620 5615 superatne,
1650 5526 1778 5593 undem
1802 5528 1968 5595 nolnsenrn
1991 5529 2083 5617 plene

417 5646 450 5711 in
472 5646 621 5711 oninilme
643 5645 862 5712 coneordanit.
884 5662 913 5707 et
935 5644 1029 5709 tidem
1054 5668 1146 5709 suam
1168 5646 1422 5731 mnrirrseriptnrn
1444 5646 1537 5709 nobis
1561 5644 1714 5720 tradidit,
1737 5644 1770 5709 in
1792 5666 1855 5730 epus
1877 5658 1988 5735 aperte
2009 5668 2081 5707 eon·

484 5806 550 5862 tte,
574 5802 711 5861 Fortasse
742 5797 911 5859 addendum
937 5812 981 5855 est
1003 5798 1229 5871 scripturorum.
1339 5804 1392 5859 tit
1429 5798 1597 5873 lopeolilnn}
1621 5798 1721 5873 logicis
1743 5796 1927 5875 syllogismis.

420 5896 466 5957 Cf.
488 5900 603 5975 1311·ιῆ
626 5906 673 5961 311.
1340 5904 1403 5964 lli,
1430 5896 1612 5971 reducebam}
1636 5894 1816 5957 seducerent.

485 6002 552 6055 1111)
572 6007 789 6055 commorunt
809 5998 846 6057 (i.
1340 6002 1393 6055 ll‘l
1427 6004 1518 6049 erent
1538 5994 1627 6051 crium
1650 6006 1677 6053 et
1700 5994 1736 6053 (i.
