5284 7042
438 1852 628 1929 INCIPIT
653 1848 979 1927 ITINERARIUS
1005 1851 1218 1927 FRATRIS
1240 1852 1463 1937 RIOOLDI.
1490 1852 1696 1929 ORDINIS
1725 1852 1967 1928 FRATRUM

993 1984 1403 2063 PREDICATORUM.

489 2250 571 2317 Cum
590 2272 661 2335 ego,
683 2250 783 2315 frater
801 2250 970 2333 Ilicoldus,
998 2251 1148 2316 minimus
1170 2254 1203 2316 in
1223 2250 1337 2317 ordine
1359 2250 1616 2337 predicatorum,
1647 2254 1859 2337 recogitarem
1884 2254 2030 2341 frequen·
2054 2268 2062 2319 1

364 2380 415 2433 ter
435 2364 852 2453 incomprehensibilitatem
866 2368 887 2445 ¹)
913 2377 945 2431 et
966 2368 1179 2432 intensionem
1201 2366 1303 2431 dicuni
1325 2368 1444 2431 amoris
1473 2366 1515 2431 sd
1537 2388 1638 2449 genus
1657 2366 1845 2451 humanum,
1875 2368 1960 2457 quod
1984 2370 2031 2435 eie

364 2480 456 2547 Deua
477 2480 592 2547 dilexit
612 2479 780 2562 mundum,
801 2494 837 2545 rt
857 2480 976 2547 Filium
998 2482 1096 2547 Suum
1119 2482 1327 2569 Vnigenitnm
1351 2482 1461 2561 daret,
1491 2493 1522 2545 et
1543 2482 1613 2569 ipse
1634 2482 1793 2549 Altiesimi
1818 2484 1919 2549 Filius
1941 2507 2032 2549 suam

365 2598 665 2685 peregrinacionem
687 2595 858 2683 diligenter
875 2596 970 2661 nobis
991 2595 1034 2662 nd
1055 2600 1243 2662 memoriam
1267 2596 1445 2679 reduceret,
1468 2608 1503 2661 vt
1525 2620 1563 2661 ea
1584 2620 1648 2663 non
1671 2622 1815 2665 essemus
1832 2600 1961 2685 ingrati,
1985 2598 2031 2663 di·

364 2736 460 2779 cens:
483 2718 596 2789 ,meus
615 2737 635 2774 a
657 2718 751 2775 Patre
772 2724 800 2775 et
820 2717 889 2775 seni
913 2720 944 2775 ia
963 2714 1162 2789 sannionum).
1188 2726 1221 2779 et
1246 2714 1408 2801 quomodo
1431 2714 1533 2777 eciam
1561 2722 1654 2777 nstus
1677 2736 1803 2802 pauper
1824 2726 1855 2779 et
1878 2714 2033 2803 paruulus

364 2831 428 2897 cito
457 2852 517 2895 nec
545 2828 607 2895 sibi
636 2850 695 2893 nec
722 2830 817 2893 matri
846 2830 991 2915 pepercit
1012 2827 1151 2913 elonga
1172 2841 1205 2893 et
1231 2829 1397 2895 laboriosa
1426 2830 1712 2915 peregrinacione,
1741 2830 1798 2895 sed
1826 2852 1896 2895 cum
1931 2842 2034 2895 matre

363 2968 507 3035 paupere
534 2955 566 3009 et
593 2966 669 3009 sene
701 2942 809 3009 baiulo
838 2946 1062 3030 peregrinatus
1093 2955 1142 3009 est
1165 2948 1199 3009 in
1221 2944 1391 3031 Egiptum,
1424 2956 1458 3009 vt
1486 2944 1612 3027 lugeret
1632 2944 1837 3011 aduersarios
1860 2968 1953 3025 suos,
1983 2948 2033 3009 cni

362 3085 425 3127 non
451 3064 556 3127 inerat
583 3082 682 3125 cauas
707 3060 848 3125 timoris:
878 3057 1024 3139 decreui,
1050 3059 1135 3147 quod
1164 3075 1250 3125 esset
1281 3061 1377 3126 michi
1401 3060 1494 3125 ualde
1515 3062 1780 3145 ignominiosum,
1814 3060 1935 3149 quod³J
1960 3072 2034 3147 post

362 3192 410 3244 tot
438 3177 593 3243 beneficia
624 3186 792 3261 suscepta,
821 3196 884 3261 quo
906 3172 992 3237 solus
1013 3176 1084 3261 ipse
1105 3176 1211 3257 nouit,
1234 3179 1288 3263 qui
1311 3200 1362 3241 me
1388 3178 1518 3241 rocuuit
1539 3190 1570 3241 et
1592 3178 1779 3261 scgregsuit
1799 3176 1839 3241 de
1861 3175 1979 3241 mundo
2002 3188 2033 3241 et

363 3294 540 3381 aasmnpait
560 3290 603 3357 ad
624 3301 747 3357 tantum
769 3289 930 3370 ordinem,
958 3303 992 3353 vt
1013 3314 1116 3355 essem
1139 3294 1230 3356 testis
1250 3304 1283 3355 et
1304 3292 1489 3379 predicator
1511 3292 1625 3379 ipsius,
1646 3293 1707 3356 nisi
1718 3294 1741 3367 ⁸)
1763 3292 1938 3377 cogitarem
1962 3292 2033 3355 vias

364 3432 452 3474 meas
475 3422 506 3475 et
527 3420 748 3473 conuerterem
770 3406 869 3493 podes
892 3430 980 3471 meos
1003 3408 1036 3471 in
1057 3410 1240 3473 testimonia
1255 3430 1323 3473 sua.
1366 3408 1533 3493 Cogitaui,
1563 3408 1693 3493 iuquam
1705 3456 1713 3487 ,
1735 3430 1798 3473 nou
1825 3430 1895 3473 esse
1921 3418 2033 3489 tutum,
2052 3423 2068 3474 ²

363 3523 451 3613 quod
478 3546 537 3607 ego
567 3524 662 3607 longo
682 3535 828 3609 tempore
848 3520 995 3587 sederem
1015 3536 1047 3587 et
1068 3523 1196 3589 ociosus
1224 3548 1328 3589 essem
1355 3538 1387 3587 et
1415 3546 1477 3588 non
1508 3522 1678 3610 probarem
1706 3520 1829 3609 aliquid
1855 3522 1895 3587 de
1923 3522 2034 3587 labore

364 3640 566 3727 paupertatis
587 3651 618 3703 et
638 3638 734 3724 longe
761 3639 1053 3725 peregrinacionis3
1083 3642 1225 3705 maxime
1246 3664 1318 3707 cnm
1340 3642 1373 3706 in
1394 3654 1498 3705 mente
1521 3662 1592 3703 men
1613 3636 1812 3703 reuoluerom
1823 3686 1832 3719 ,
1867 3660 1947 3725 quas
1968 3636 2034 3727 lon3

364 3780 423 3843 gas
444 3771 475 3819 et
496 3754 677 3820 laboriosas
709 3754 991 3841 peregrinaciones
1012 3778 1252 3843 assumpseram
1273 3755 1381 3823 adhuc
1403 3754 1556 3821 secularis
1572 3756 1725 3833 (existens,
1749 3766 1783 3817 vt
1797 3753 1999 3819 addiscerem
2013 3758 2036 3831 ⁵)

364 3872 435 3937 illas
451 3870 613 3935 seculares
628 3872 795 3947 scienciae,
816 3892 896 3953 quas
912 3869 1062 3935 liberales
1079 3871 1255 3958 appellant.
1297 3875 1457 3959 Suscepto
1479 3872 1577 3957 igitur
1598 3867 1788 3935 obediencia
1811 3868 1934 3933 domini
1952 3892 2036 3957 papo
2055 3894 2070 3941 a

363 3988 524 4053 mediante
553 3986 709 4071 magistro
735 3984 858 4049 ordinis
880 3986 1039 4071 incipiens
1059 3989 1359 4074 peregrinacionem
1388 3988 1506 4052 tremui
1535 4008 1640 4067 mare,
1673 3996 1709 4049 rt
1734 3984 1806 4049 loca
1838 3984 1893 4051 illa
1924 4008 2035 4073 corpo·

363 4102 474 4169 raliter
500 4100 659 4181 riderem,
688 4124 750 4189 que
771 4099 923 4165 Christus
945 4102 1157 4187 corporaliter
1178 4105 1338 4185 risitauit,
1372 4116 1404 4167 et
1433 4102 1575 4167 maxIme
1597 4100 1717 4181 locum,
1746 4102 1779 4165 in
1807 4124 1869 4189 quo
1899 4124 1958 4189 pro
1988 4126 2036 4165 sn·

363 4218 426 4285 lute
455 4218 586 4283 humani
614 4218 742 4301 generis
771 4218 851 4281 mori
876 4216 1115 4301 dignatusest,
1145 4233 1177 4281 vt
1200 4218 1354 4283 memoria
1377 4218 1536 4305 passionis
1560 4220 1627 4281 eius
1650 4217 1683 4281 in
1705 4227 1810 4279 mente
1830 4240 1902 4281 mea
1925 4218 2036 4303 impri,

362 4346 502 4399 meretur
523 4336 678 4412 tenacius,
698 4345 730 4397 et
752 4334 884 4417 sanguis
905 4332 1027 4399 Christi
1051 4356 1111 4419 pro
1133 4330 1236 4397 saluto
1257 4344 1367 4398 nostra
1389 4334 1509 4397 effusus
1531 4346 1616 4396 esset
1636 4330 1733 4396 miehi
1754 4330 1854 4397 robur
1875 4346 1907 4395 et
1929 4330 2036 4397 firma·

363 4462 503 4515 mentum
523 4447 566 4514 ad
588 4447 822 4535 predIcandnm
850 4461 881 4511 et
900 4446 1098 4513 moriendum
1121 4472 1180 4535 pre
1203 4447 1269 4524 illo,
1290 4452 1343 4534 qui
1368 4449 1464 4514 michi
1484 4470 1542 4513 sua
1562 4433 1667 4513 inerte
1689 4450 1789 4511 vitam
1812 4446 1955 4511 donauit.

1019 4876 1042 4941 l.
1087 4876 1149 4941 DE
1171 4878 1380 4943 tremunt.

489 5026 571 5091 Veni
596 5028 697 5111 igitur
726 5026 760 5091 in
781 5030 895 5098 Areon,
921 5038 953 5088 et
974 5024 1049 5089 inde
1076 5028 1191 5091 itinere
1216 5028 1281 5093 dici
1303 5030 1398 5093 vuius
1419 5028 1532 5113 viginti
1556 5026 1696 5091 miliaria
1718 5048 1789 5091 cum
1814 5024 1922 5089 multis
1944 5024 2066 5095 (llari-t

363 5143 476 5207 atianis
508 5144 583 5207 reni
604 5144 637 5205 in
661 5144 816 5203 Gulileem.
859 5140 902 5203 Et
923 5141 1028 5227 primo
1051 5145 1257 5229 peruenimus
1285 5141 1327 5208 ad
1352 5146 1673 5217 (lausanensem,
1704 5140 1758 5203 vbi
1782 5140 1933 5205 Christus
1961 5142 2070 5209 secitt

363 5260 493 5323 inicium
515 5260 696 5345 signorum,
725 5276 844 5343 aquam
874 5258 1092 5323 conuertcudo
1120 5260 1154 5323 in
1181 5263 1301 5325 vinum.
1345 5260 1404 5325 Est
1427 5270 1533 5325 autem
1555 5256 1671 5323 Chana
1691 5254 1816 5321 (lulilee
1845 5273 1962 5341 ‹puarto
1985 5256 2070 5323 vela

362 5376 474 5461 quinto
499 5372 638 5438 miliario
659 5394 681 5437 a
701 5370 873 5436 Nazareth
915 5370 964 5437 Ihi
986 5384 1081 5437 extra
1101 5374 1209 5439 casale
1231 5376 1411 5441 innenimus
1433 5388 1573 5463 putemn,
1595 5373 1679 5439 vnde
1700 5372 1838 5439 ministri
1861 5371 2069 5443 hausertmtt

363 5510 480 5577 aquam
502 5487 672 5576 implentes
693 5486 817 5575 ydrim.
861 5486 910 5552 lbi
933 5489 1113 5553 inueniruua
1135 5488 1240 5557 locum
1260 5492 1452 5578 nupciarum
1481 5502 1513 5553 et
1532 5488 1602 5553 loca
1625 5502 1656 5551 et
1679 5486 1833 5551 formulas
1854 5488 2069 5573 ydriam-t
2130 5520 2136 5535 ·

364 5602 412 5669 lhi
437 5608 641 5669 cantauimua
670 5616 702 5667 et
732 5600 971 5689 prodicauimus
1005 5604 1209 5689 euangelium
1241 5608 1440 5693 nupciarum.
1497 5604 1545 5669 lbi
1574 5604 1687 5687 rogaui
1715 5600 1900 5680 Christum,
1939 5590 2070 5703 quodl

428 5812 456 5879 1)
477 5804 552 5867 cod
573 5804 624 5867 G.:
647 5805 990 5881 inesmprehenrililitete
1284 5812 1313 5877 «l,
1338 5806 1404 5881 nist]
1428 5806 1489 5865 lam
1510 5804 1669 5885 praecessit
1689 5804 1854 5863 coniunctio
1879 5808 1964 5883 quod.

424 5908 455 5976 2)
479 5904 535 5965 ὃν.
551 5902 624 5963 Joh.
647 5906 696 5974 26,
717 5908 755 5965 23
1284 5910 1315 5962 5)
1339 5902 1411 5963 Cod.
1432 5904 1468 5961 (i.
1492 5904 1660 5963 adiacerent.

425 6007 457 6075 3)
478 6004 571 6081 flod}
594 6004 700 6063 melltta
722 6004 789 6061 nt'rt'.
1283 6010 1313 6061 e*
1337 6001 1401 6062 Cod
1433 6002 1469 6063 G.
1496 6003 1618 6061 I'anarn.

1791 6116 1823 6167 ll
