5284 7042
1389 723 1447 785 112

575 919 645 961 mus
673 895 908 973 litostraton⁴¹)
931 909 962 962 et
983 897 1107 979 locum,
1138 897 1195 963 vbi
1215 899 1276 963 fuit
1296 898 1460 964 iudicatus
1481 899 1657 981 Dominus,
1691 898 1861 983 stlocum,
1891 900 1946 967 vbi
1977 904 2065 968 stetit
2087 904 2119 969 in
2139 904 2248 993 platea

575 1011 714 1099 populns
735 1020 811 1077 ante
833 1012 1012 1100 palacium,
1034 1036 1106 1078 cum
1127 1015 1230 1079 exiuit
1249 1014 1292 1079 ad
1313 1038 1369 1079 eos
1391 1012 1524 1080 Pilatus.

524 1129 557 1180 ³8
698 1127 921 1193 Ascendentes
951 1141 1057 1193 autem
1088 1151 1147 1217 per
1173 1133 1276 1213 viam,
1307 1153 1366 1218 per
1394 1154 1491 1218 quam
1512 1130 1659 1196 ascendit
1679 1130 1829 1197 Christus
1852 1130 2001 1197 baiulans
2023 1132 2085 1199 sibi
2109 1156 2248 1213 crucem,

574 1245 757 1309 inuenimus
777 1242 894 1326 locum,
915 1243 972 1308 vbi
993 1244 1094 1309 dixit:
1114 1249 1210 1325 ,fllia
1230 1252 1423 1327 Iterusulem,
1443 1252 1532 1311 nolite
1546 1252 1622 1327 flere
1644 1270 1734 1327 saper
1755 1252 1843 1310 mc!‘⁴
1855 1248 1897 1325 ⁴²)

524 1369 558 1419 39
698 1359 749 1423 Ibi
777 1359 951 1424 ostendunt
977 1359 1082 1425 locum
1110 1362 1412 1439 tramorticionis⁴³)
1441 1344 1569 1429 domihe
1592 1372 1716 1443 nostre,
1743 1385 1815 1427 cum
1842 1372 2029 1449 sequeretur
2051 1362 2150 1430 filium
2170 1388 2245 1452 por·

524 1484 557 1533 40
576 1486 697 1541 tantem
721 1496 858 1539 erucem.
893 1475 937 1540 Et
957 1474 1005 1539 ibi
1026 1478 1119 1541 iuxta
1137 1479 1225 1541 viam
1247 1478 1420 1543 ostendunt
1442 1476 1570 1543 domum
1591 1480 1625 1543 in
1638 1478 1855 1544 memorialem
1869 1477 2036 1553 locum⁴⁴).
2071 1478 2121 1545 lbi
2140 1490 2246 1546 osten·

524 1600 555 1649 41
575 1592 656 1655 (1001
674 1590 789 1672 100οι0,
811 1590 867 1655 vbi
889 1590 1033 1656 substitit
1056 1591 1204 1657 Christus
1226 1616 1298 1657 cum
1320 1616 1416 1659 cruce
1439 1604 1471 1657 et
1491 1595 1594 1659 fessus
1616 1596 1737 1683 quieuit
1757 1592 1932 1680 paululum.
1968 1592 2048 1659 Inde
2066 1616 2126 1681 per
2142 1604 2247 1661 nans-

574 1729 705 1771 uersum
728 1716 777 1770 est
801 1708 864 1789 via,
887 1728 949 1792 que
971 1708 1060 1771 veuit
1081 1708 1124 1772 ad
1145 1709 1308 1774 cimtatem
1321 1708 1377 1773 vbi
1394 1722 1602 1775 occurrerunt
1617 1708 1752 1797 Symoni
1771 1710 1928 1773 cirenensi
1945 1710 2085 1774 venienti
2101 1709 2142 1775 dc
2157 1710 2247 1795 villa,

524 1832 557 1882 41
575 1832 611 1887 vt
630 1821 756 1887 tolleret
777 1845 903 1887 crucem
925 1822 1031 1887 Ibesu.
1071 1824 1122 1889 Ibi
1143 1824 1235 1889 iuxta
1256 1837 1305 1889 est
1326 1825 1424 1908 locus,
1446 1827 1500 1913 qui
1521 1826 1580 1891 fuit
1601 1827 1739 1892 fratrum
1759 1826 1926 1890 minorum.

524 1947 557 1996 43
699 1937 920 2003 Αο000100100
942 1950 1049 2003 00100
1068 1962 1128 2027 per
1148 1941 1236 2005 viam
1261 1940 1480 2024 indirecte⁴⁵),
1502 1940 1558 2005 vbi
1582 1942 1728 2008 ascendit
1749 1942 1907 2023 Christus,
1929 1940 2110 2005 innenimus
2131 1940 2245 2025 locum,

574 2052 630 2117 vbi
651 2052 770 2134 dicunt,
793 2054 879 2139 quod
899 2053 1026 2119 Helena
1047 2055 1200 2143 probauit
1224 2065 1256 2119 et
1278 2055 1432 2121 discrerit
1455 2080 1583 2123 crucem
1597 2058 1731 2123 Domini
1753 2079 1773 2121 a
1795 2054 1944 2121 crucibus
1966 2055 2128 2121 latronum
2152 2058 2243 2143 signo

573 2170 819 2234 resurrectionis
842 2172 972 2235 mortni.

1086 2370 1141 2436 Vl.
1184 2372 1246 2435 DE
1268 2370 1534 2437 SEPULCHRO
1556 2370 1731 2435 DOMINI.

543 2500 553 2549 l

540 2567 556 2617 2
696 2516 777 2582 Inde
803 2516 1013 2603 procedentes
1046 2520 1236 2585 intrauimus
1270 2520 1441 2585 ecclesiam
1473 2542 1530 2585 seu
1549 2520 1656 2585 locum
1678 2515 1848 2605 sepulchri.
1892 2514 1951 2581 Est
1979 2526 2085 2581 autem
2107 2518 2243 2583 eeclesia

540 2655 555 2703 3
574 2635 726 2711 maxima,
751 2655 813 2720 que
835 2634 976 2699 continet
996 2646 1136 2701 montem
1159 2636 1319 2702 Caluarie.
1362 2636 1399 2699 In
1421 2634 1502 2717 loco,
1525 2636 1580 2701 vbi
1603 2634 1778 2699 crucifixus
1800 2640 1850 2695 est
1871 2630 2041 2715 Dominus,
2064 2634 2243 2698 inuenimus

540 2749 696 2832 olocum,
726 2748 782 2814 vbi
809 2753 842 2813 in
871 2772 951 2816 saxo
977 2750 1079 2816 lixum
1098 2754 1159 2817 luit
1176 2753 1300 2837 lignum
1321 2752 1437 2816 crucis.
1480 2750 1523 2815 Et
1550 2750 1596 2815 ibi
1624 2752 1716 2814 iuxta
1738 2769 1857 2835 ymago
1880 2758 1928 2811 est
1947 2748 2111 2830 crucifixi,
2144 2772 2242 2835 opere

572 2867 733 2943 musaico,
763 2874 875 2930 tenens
898 2866 1016 2931 faciem
1035 2866 1077 2930 ad
1100 2868 1316 2950 occidentem,
1351 2868 1434 2931 siout
1453 2866 1514 2931 fuit
1533 2866 1707 2931 crucifixus
1729 2864 1904 2945 Dominus,
1927 2871 1958 2926 et
1977 2862 2020 2928 ad
2038 2861 2138 2951 pedes
2159 2866 2242 2947 saxi,

573 2980 629 3045 vbi
657 2991 728 3046 erat
746 2980 848 3044 infixa
870 3002 965 3064 cmx,
994 2984 1095 3048 stacio
1115 2982 1209 3048 beate
1230 2982 1336 3047 Maria
1356 2984 1493 3068 virginis
1517 2994 1549 3049 01
1570 2982 1656 3047 beati
1675 2981 1828 3047 Iohannis
1857 2976 2072 3065 euangelista,
2103 2978 2158 3067 qui
2180 2988 2242 3043 sta·

539 3097 653 3161 ebant
682 3097 775 3161 iuxta
802 3118 930 3160 crucem
955 3100 1166 3183 respicientes
1193 3099 1236 3164 ad
1264 3102 1420 3164 orientem
1451 3110 1482 3163 et
1514 3098 1556 3163 ad
1583 3098 1698 3163 faciem
1722 3094 1852 3162 Christi.
1895 3092 1945 3159 Ibi
1973 3104 2022 3158 est
2043 3094 2133 3160 locus
2155 3104 2241 3159 tante

571 3212 769 3294 denocionis,
792 3214 879 3297 quod
901 3215 929 3277 si
950 3215 1022 3301 quis
1043 3236 1108 3277 non
1128 3214 1221 3279 fleret
1241 3216 1463 3301 compassione
1485 3214 1542 3279 filii
1567 3212 1735 3279 clamantis
1757 3220 1788 3275 01
1803 3212 1969 3275 morientis
1984 3211 2019 3275 in
2038 3232 2143 3292 cruce,
2164 3210 2240 3275 flere

537 3348 554 3400 s
572 3330 698 3414 cogitur
719 3331 944 3414 compassione
964 3331 1078 3393 matris
1099 3329 1206 3395 flentis
1226 3330 1269 3395 ad
1291 3330 1391 3417 pedes
1412 3332 1516 3395 crucis
1533 3328 1655 3395 Christi
1677 3327 1843 3394 morientis
1866 3324 2048 3413 pronubis.
2087 3325 2239 3391 Oanima

572 3467 654 3525 mea,
675 3446 821 3508 oanima
841 3445 1022 3529 peccatoris
1045 3444 1192 3524 hominis,
1215 3446 1374 3531 quomodo
1396 3456 1509 3533 postea
1529 3446 1663 3534 potuisti
1683 3442 1848 3507 viuifioare
1871 3450 1902 3505 et
1923 3440 2105 3526 gubernare
2126 3462 2242 3528 corpus

572 3570 660 3625 tante
682 3553 904 3644 eorrupcionis
926 3569 1068 3625 0110010
1090 3560 1380 3627 contradictionis?
1409 3584 1509 3650 quare
1531 3585 1594 3627 non
1616 3563 1719 3625 factus
1742 3582 1775 3624 es
1798 3556 1894 3621 michi
1918 3556 2010 3621 dolor
2028 3560 2157 3638 mortis,
2187 3555 2241 3623 do·

539 3674 621 3739 1100
642 3674 903 3760 compassionis?
933 3675 969 3738 Si
989 3699 1075 3740 nunc
1096 3676 1228 3741 fuissem
1250 3677 1403 3761 deuotus,
1431 3690 1467 3744 vt
1489 3678 1680 3757 credebam,
1703 3675 1814 3741 dolore
1835 3673 1886 3737 vel
1908 3672 2026 3759 gaudio
2047 3674 2129 3737 mori
2152 3673 2241 3759 potui

537 3808 553 3857 8
572 3790 613 3855 (10
634 3788 910 3875 contemplacione
932 3795 1015 3856 tanti
1038 3791 1201 3857 desiderii.
1239 3770 1513 3882 Circ'umspioicns
1536 3806 1642 3860 autem
1664 3791 1809 3873 sollicite,
1831 3790 1858 3854 si
1878 3811 1955 3853 vere
1969 3788 2114 3853 viderem
2129 3787 2242 3853 Domi·

571 3929 647 3969 num
670 3927 776 3969 meum
798 3906 899 3971 oculis
921 3910 1105 3994 corporeis,
1137 3909 1205 3973 vidi
1233 3908 1338 3975 locum
1366 3912 1585 3976 crucifixionis
1615 3922 1646 3975 et
1667 3930 1782 3973 saxum
1804 3905 2052 3979 0000010000141)
2076 3926 2096 3967 0
2118 3924 2241 3969 summo

536 4042 553 4091 9
571 4043 672 4108 voque
695 4021 846 4086 deorsum
868 4035 898 4086 et
920 4035 1047 4110 partem
1069 4023 1238 4110 columpne
1258 4026 1386 4107 subtus,
1415 4028 1457 4091 ad
1485 4050 1580 4115 quam
1605 4023 1786 4112 flagellatus
1814 4032 1863 4087 est
1885 4022 2053 4087 Dominus.
2097 4016 2168 4098 Que
2190 4042 2240 4084 00-

522 4136 736 4208 sustentabat
759 4135 902 4224 lapidem
931 4138 1044 4203 altaris
1073 4138 1226 4205 deorsum
1255 4163 1358 4228 prope
1390 4144 1581 4224 stacionem,
1610 4140 1666 4206 vbi
1695 4152 1797 4203 mater
1819 4150 1851 4202 et
1873 4138 1966 4222 virgo
1988 4132 2148 4220 plorabat.
2191 4132 2240 4199 lhi

571 4263 657 4317 retro
689 4264 720 4317 et
747 4254 840 4318 iuxta
867 4276 938 4318 earn
966 4266 1036 4320 erat
1057 4254 1147 4319 locus
1169 4266 1201 4319 et
1229 4256 1443 4323 ostendebant
1470 4258 1628 4344 lapidem,
1666 4256 1722 4321 vbi
1750 4255 1968 4341 deposuerunt
1998 4272 2117 4337 corpus
2147 4260 2178 4314 ct
2205 4250 2241 4314 li·

522 4392 549 4441 ιι
571 4380 730 4455 gauernnt
761 4368 868 4433 linteis
897 4382 928 4435 et
955 4371 1169 4436 condiderunt
1196 4372 1411 4451 aromatibus,
1443 4384 1480 4437 vt
1506 4372 1687 4461 sepelirent.
1737 4370 1816 4435 Inde
1845 4368 1988 4433 volentes
2016 4364 2171 4429 accedere
2199 4364 2242 4431 ad

571 4484 778 4572 sepulchrum
805 4498 838 4549 et
857 4509 992 4573 querere
1013 4487 1206 4568 Dominum,
1234 4511 1329 4575 quem
1350 4512 1415 4553 000
1436 4490 1661 4555 inueneramus
1690 4488 1723 4552 in
1744 4496 1851 4551 monte
1874 4483 2041 4561 Caluarie3
2067 4484 2131 4545 iam
2155 4484 2242 4547 enim

571 4601 790 4687 deposuerant
811 4624 893 4684 eum,
916 4624 989 4665 cum
1012 4626 1072 4688 ego
1094 4604 1192 4667 miser
1213 4604 1306 4669 tarde
1329 4606 1463 4690 perueni
1485 4614 1516 4669 et
1537 4604 1620 4669 dixi:
1652 4604 1795 4689 „Eamus
1818 4612 1849 4665 et
1870 4620 2042 4687 queramus
2065 4596 2106 4662 ad
2128 4620 2240 4662 monu-

571 4728 726 4798 mentum,
749 4715 805 4780 vbi
827 4728 1006 4803 posuerunt
1025 4719 1140 4783 eum!“
1170 4728 1202 4783 et
1222 4742 1425 4806 congregans
1450 4720 1673 4802 Christianos,
1706 4721 1759 4806 qui
1779 4730 1857 4781 tunc
1879 4724 1973 4779 erant
1993 4712 2039 4777 ibi
2061 4710 2147 4776 vltra
2168 4734 2239 4777 cen·

571 4845 653 4909 tum,
686 4832 836 4897 ordinaui
862 4835 1119 4919 processionem,
1146 4856 1242 4921 quam
1262 4837 1442 4923 incepimus
1466 4860 1485 4900 a
1507 4836 1695 4925 columpna,
1729 4856 1824 4921 quam
1854 4832 1965 4895 (110001
1987 4828 2112 4893 esseio
2136 4827 2240 4891 medio

522 4949 691 5015 12100011.
735 4949 780 5013 Et
805 4949 1009 5013 ascendimus
1040 4972 1098 5037 per
1126 4951 1215 5013 viam
1222 4998 1231 5031 ,
1258 4974 1316 5037 per
1344 4973 1442 5038 quam
1463 4963 1621 5017 venerunt
1650 4951 1755 5016 Marie
1781 4970 1853 5011 cum
1881 4942 2097 5025 aromatibus,
2125 4952 2156 5007 et
2182 4966 2240 5008 uos

570 5065 666 5152 plane
687 5064 898 5152 procedentes
920 5087 978 5150 per
1000 5066 1088 5129 viam
1108 5076 1140 5129 et
1162 5068 1362 5131 conferentes
1385 5068 1427 5133 ad
1449 5069 1600 5131 inuicem:
1628 5067 1731 5151 „Quis
1758 5062 1903 5129 reuoluet
1930 5060 2023 5126 nobis
2043 5059 2241 5145 lapidem?“

570 5191 685 5267 postea
712 5203 784 5244 cum
812 5182 1147 5267 appropinquammus
1169 5180 1235 5245 alta
1256 5203 1337 5247 voce
1360 5193 1526 5249 cantantes
1555 5194 1586 5249 et
1607 5189 1787 5269 repetentes
1815 5180 1947 5243 victime
1978 5173 2104 5262 pascali
2126 5173 2239 5239 laudes

568 5304 641 5377 etc,
663 5294 706 5360 ad
728 5317 852 5360 omnem
875 5320 1007 5384 passum
1029 5319 1126 5360 vnum
1148 5319 1278 5361 versum
1297 5321 1381 5363 vnus
1400 5300 1590 5387 precinebat
1611 5310 1642 5364 01
1655 5321 1765 5365 omnes
1782 5290 2034 5381 respondebant,
2058 5301 2089 5355 et
2105 5292 2240 5355 circum-

632 5504 683 5572 41)
715 5500 892 5575 litostratum]
932 5498 1141 5571 lithostrotum,
1179 5494 1381 5577 λιθόστρωτον.
1487 5505 1537 5576 44)
1560 5502 1591 5560 10
1606 5500 1801 5560 memorialem
1820 5502 1965 5580 Christus]
1987 5506 2162 5586 Legendum
2182 5506 2239 5566 for·

566 5596 638 5658 Joh.
664 5602 709 5667 19,
735 5601 780 5656 13.
1424 5609 1503 5661 10000
1524 5609 1582 5661 cst:
1610 5602 1649 5659 Et
1676 5602 1716 5659 ibi
1742 5603 1827 5660 iaxta
1853 5607 1932 5663 viam
1952 5609 2107 5666 ostendunt
2126 5609 2239 5665 domum

630 5750 681 5820 42)
703 5765 795 5821 supe,
811 5748 863 5823 m,
887 5746 954 5808 m
975 5746 1030 5807 Εἰ
1053 5748 1125 5807 [Μ
1147 5752 1193 5821 23,
1216 5753 1264 5813 28.
1425 5710 1451 5757 01
1478 5702 1671 5758 memorialem
1697 5702 1798 5774 locum,
1815 5702 1865 5761 ubi
1883 5704 2010 5763 0141011111
2034 5706 2178 5765 Christus.

631 5898 683 5967 43)
706 5893 892 5953 Vocabulum
921 5895 977 5955 hoc
996 5896 1067 5955 mihi
1090 5898 1224 5975 ignotum
1250 5892 1382 5975 σπασμὸν
1488 5852 1538 5923 45)
1560 5850 1711 5926 i'l‘llroel‘l
1734 5852 1764 5911 ln
1786 5850 1894 5911 ‘lime
1916 5850 1953 5915 G·

569 5995 735 6073 significare
748 5992 870 6053 videtur.
894 5994 960 6055 Vid.
971 5994 1094 6055 Tobleri
1106 5998 1266 6057 Ierusalem
1278 5998 1302 6058 1.
1312 6003 1380 6059 450.
1485 6003 1535 6073 46)
1559 6000 1721 6058 concissam
1744 5998 1778 6059 G.
