5284 7042
1230 706 1287 767 tto

544 882 654 949 Etiam
680 887 844 971 quantum
870 882 1147 949 inremissionem
1174 882 1290 947 iniuria
1317 892 1442 947 tantum
1472 902 1529 945 eoa
1551 880 1725 945 Sarracani
1745 878 1923 945 excedunt!
1953 878 2096 945 Occiaio·
2118 868 2147 985 lg

421 1020 494 1063 nem
516 1020 594 1062 vero
616 997 707 1063 multi
728 1018 841 1061 eorum
864 999 912 1063 aie
935 996 1111 1065 abhorrent
1124 999 1189 1075 ¹⁹⁵),
1211 996 1298 1085 quod
1320 994 1507 1061 occiderant
1523 1018 1584 1061 nec
1605 994 1760 1081 gallinam
1782 1016 1841 1061 nee
1866 992 2021 1083 pulicem,
2040 992 2097 1059 sed

422 1113 552 1201 quando
581 1111 693 1178 volunt
718 1112 888 1177 comedere
914 1112 1090 1199 gallinam,
1119 1124 1230 1179 tenent
1254 1134 1326 1179 eam
1355 1114 1387 1178 in
1408 1110 1557 1177 matribus
1579 1112 1688 1176 vinam
1719 1114 1751 1176 in
1773 1112 1828 1175 via
1850 1124 1881 1175 et
1902 1121 2019 1195 rogant
2041 1108 2097 1173 ali·

421 1250 518 1314 qnem
540 1228 581 1293 de
602 1226 793 1310 viatoribus,
814 1238 850 1291 vt
871 1251 943 1294 eam
964 1227 1095 1295 occidat
1109 1230 1174 1305 ¹⁹⁰).
1207 1227 1280 1293 Hoc
1300 1228 1424 1295 iaciunt
1445 1226 1627 1307 sarraceni,
1648 1226 1702 1313 qui
1725 1238 1832 1291 tamen
1853 1223 1955 1311 legem
1978 1222 2097 1289 habent
2119 1236 2148 1287 ts

422 1344 610 1423 occisionis,
631 1354 882 1431 propterquam
904 1342 1026 1429 legem,
1051 1355 1086 1407 vt
1109 1341 1218 1418 duret,
1247 1342 1396 1409 omnibus
1418 1340 1570 1429 periculis
1594 1343 1799 1407 securissime
1820 1364 1854 1405 se
1876 1354 2043 1427 exponunt
2067 1354 2095 1402 et

422 1472 551 1525 anenno
572 1468 728 1545 pugnant,
750 1472 782 1523 et
805 1459 852 1523 aie
874 1458 1011 1525 fideliter
1033 1462 1066 1525 in
1092 1482 1202 1547 pugna
1222 1482 1256 1523 so
1278 1459 1417 1523 inuicem
1440 1458 1606 1537 adiuuant,
1629 1467 1665 1521 vt
1685 1456 1738 1523 lex
1761 1480 1871 1521 eornm
1895 1454 1996 1521 duret.
2029 1454 2096 1519 lla·
2118 1462 2146 1511 Π

423 1574 498 1640 bant
514 1576 569 1649 ¹⁹³,
588 1574 690 1655 enim,
719 1572 805 1661 quod
826 1586 893 1639 tam
916 1573 970 1640 diu
992 1574 1124 1641 durabit
1141 1576 1195 1630 ¹⁹⁸·
1217 1574 1271 1639 lex
1293 1598 1421 1657 eorum,
1449 1595 1544 1661 quam
1572 1572 1627 1639 diu
1649 1574 1752 1637 virtus
1773 1584 1806 1637 et
1828 1572 1965 1637 victoria
1987 1592 2097 1635 eorum

422 1688 555 1755 (iurabit
577 1713 635 1777 por
655 1712 775 1755 ensem.
817 1688 877 1753 Eat
898 1690 982 1755 enim
1001 1690 1055 1755 lex
1077 1689 1235 1769 violenta,
1263 1703 1299 1755 vt
1319 1691 1455 1755 inferius
1477 1688 1609 1777 patebit.
1653 1688 1795 1769 Qtndum
1820 1690 2021 1751 sarracenus
2043 1708 2096 1749 no·
2117 1664 2147 1781 ¹¹3

423 1808 510 1871 mine
531 1804 689 1871 Mouchor
717 1805 751 1869 in
776 1803 917 1889 quodam
944 1803 1027 1869 duro
1056 1804 1165 1887 bello,
1193 1804 1281 1893 quod
1302 1806 1364 1871 fuit
1386 1806 1470 1871 inter
1491 1806 1689 1870 Sarracenos
1712 1814 1745 1867 ot
1767 1802 1986 1882 Christianos,
2016 1800 2097 1867 vidit

423 1921 584 2007 quendam
613 1919 711 1985 alium
733 1919 949 1985 Sarracenum
977 1920 1163 2006 probiorem
1194 1944 1229 1985 so
1258 1920 1417 1985 deiectum
1446 1920 1486 1985 do
1515 1942 1614 2009 equo,
1647 1932 1678 1983 et
1706 1920 1848 1985 instabat
1877 1920 1905 1983 ei
1938 1940 2023 1983 mors
2046 1916 2096 1981 rel

423 2039 606 2126 captiuacio
630 2059 650 2102 a
672 2034 876 2115 Christiania,
898 2050 928 2099 ot
950 2038 1061 2101 statim
1081 2036 1249 2103 descondit
1271 2034 1313 2101 de
1335 2060 1392 2101 suo
1416 2060 1497 2125 equo
1518 2050 1549 2100 et
1573 2036 1632 2101 sit:
1660 2033 1831 2117 „Ascende
1853 2056 1968 2121 equum
1992 2054 2096 2097 meum

422 2166 454 2217 et
475 2154 560 2238 fuge,
581 2154 659 2237 quia
679 2150 784 2215 maius
801 2148 980 2237 dampnum
1002 2166 1088 2216 esset
1109 2155 1136 2217 si
1159 2152 1319 2218 occideris
1343 2150 1393 2217 vel
1417 2154 1613 2239 captiuaris,
1642 2174 1737 2239 (poam
1760 2150 1799 2213 de
1822 2163 1903 2213 me.··
1948 2148 2042 2229 Quod
2067 2162 2097 2211 et
2115 2164 2147 2215 ²⁰

423 2270 508 2348 iecit,
530 2280 561 2331 et
582 2267 697 2349 eremit,
719 2280 750 2329 et
773 2264 827 2332 ille
847 2266 907 2331 suit
929 2280 1044 2355 eaptus
1067 2290 1184 2355 proco
1205 2268 1238 2333 in
1261 2267 1356 2333 bello.
1399 2268 1492 2333 Alius
1513 2282 1636 2347 autom,
1661 2268 1714 2353 qui
1737 2268 1769 2331 in
1793 2290 1873 2351 spuo
1896 2266 1965 2331 eius
1986 2287 2095 2329 enaso-
2116 2278 2144 2327 tt

423 2398 486 2463 rat,
507 2384 566 2448 tuit
587 2384 692 2447 t‘actus
707 2379 879 2465 Soldanua,
905 2395 936 2446 ot
956 2382 1108 2449 liberauit
1129 2406 1202 2449 enm
1224 2382 1266 2448 de
1287 2404 1420 2447 carcero
1443 2398 1473 2447 et
1489 2380 1632 2447 reddidit
1651 2406 1759 2469 proco
1777 2380 1970 2448 Christianis
1987 2402 2094 2467 rogem

422 2500 594 2581 Arnienie,
624 2520 718 2585 quem
746 2500 918 2563 Sarracooi
946 2497 1101 2563 tenebant
1122 2472 1161 2564 in
1181 2520 1322 2565 earcere.
1367 2500 1453 2565 Ecce
1482 2514 1604 2586 quanta
1631 2496 1806 2561 concordia
1827 2498 1910 2561 inter
1932 2495 2016 2561 filios
2039 2497 2094 2561 ini·
2114 2514 2147 2565 n

424 2617 573 2704 quitatia3
593 2637 669 2680 ecee
688 2628 811 2701 quanta
831 2596 955 2678 faciunt
976 2624 1008 2677 et
1029 2612 1148 2701 qualia,
1170 2628 1206 2681 vt
1228 2614 1323 2681 duret
1346 2614 1398 2681 lex
1422 2612 1620 2702 perdicionis
1641 2636 1761 2693 eorum,
1786 2626 1818 2677 ut
1843 2614 1969 2701 possint
1988 2608 2097 2677 dicere

425 2732 598 2797 Sarraceni
622 2729 818 2797 Christiania
833 2730 902 2805 ¹⁰⁹):
926 2734 1102 2807 ,struimus
1124 2735 1226 2808 Sidou,
1247 2736 1291 2795 ait
1313 2738 1436 2795 muru!u

548 2878 745 2967 Supradicta
776 2892 882 2943 autam
911 2902 975 2943 non
1003 2882 1208 2945 narrauimus
1237 2880 1279 2945 ad
1306 2880 1625 2945 commendacionem
1656 2880 1928 2950 sarracenorum,
1966 2874 2023 2941 sed
2055 2874 2096 2941 ed
2115 2896 2146 2947 tt

423 2996 643 3063 confusionem
664 2994 939 3073 Christianorum,
966 2997 1021 3083 qui
1041 2994 1152 3061 nolunt
1173 2996 1281 3061 facere
1301 3018 1360 3081 pro
1383 2994 1453 3079 lege
1476 2996 1556 3066 vita,
1585 2994 1671 3081 quod
1700 2993 1870 3080 dampnati
1893 2994 2014 3057 t'aeiunt
2037 3014 2096 3079 pro

421 3112 493 3199 lege
514 3112 637 3177 mortis.

883 3306 991 3375 XXX.
1036 3306 1098 3373 Illi
1118 3308 1240 3374 LEGE
1260 3308 1633 3375 sannncnuont'n.

549 3458 651 3522 l'orro
677 3454 719 3519 de
745 3454 817 3539 lege
846 3458 1100 3523 sarracenorum
1130 3457 1253 3545 aliquid
1282 3458 1333 3523 vel
1363 3458 1423 3522 sub
1451 3456 1610 3523 breuitate
1638 3480 1805 3545 ponamus.
1855 3458 1977 3523 Contra
1997 3428 2128 3545 ‹prarol

424 3572 590 3639 sciendum
618 3586 683 3650 eat,
713 3569 799 3657 quod
820 3570 874 3635 lex
895 3574 1150 3637 Sarracenorum
1171 3586 1221 3639 ost
1241 3573 1352 3659 larga,
1376 3574 1524 3655 confusa,
1547 3572 1692 3655 occulta,
1724 3572 1992 3651 mendacissima,
2015 3570 2093 3633 irra-

425 3686 595 3754 cionabilis
619 3700 651 3751 et
680 3686 830 3751 violenta.
875 3686 985 3751 Primo
1014 3686 1145 3775 quidem
1174 3700 1223 3751 est
1246 3688 1355 3775 larga,
1388 3690 1523 3755 veniens
1551 3704 1617 3755 tam
1649 3702 1763 3755 eontra
1786 3688 1933 3771 neptulam
1957 3684 2082 3775 philoao
2114 3702 2130 3753 t

424 3806 560 3891 phorum
582 3802 704 3883 mundi,
726 3803 781 3889 qui
803 3801 924 3884 dicunt,
947 3802 1035 3890 quod
1057 3802 1189 3867 difficile
1210 3818 1261 3867 est
1281 3806 1412 3891 operari
1436 3806 1611 3871 secundom
1635 3808 1802 3885 virtutem,
1832 3806 1916 3869 sicut
1936 3805 2096 3887 attingere

424 3936 567 3985 centrum
600 3920 634 3983 in
662 3917 783 3983 circulo
810 3930 843 3981 et
872 3933 1042 4005 percutere
1063 3920 1191 4005 signum
1213 3921 1352 4005 sagitta,
1382 3943 1479 4007 quam
1502 3922 1605 3985 eciam
1627 3932 1741 3987 eontra
1762 3920 1906 4007 regulam
1929 3920 2045 3983 summi
2065 3932 2097 3983 et

424 4034 573 4101 altissimi
595 4032 800 4121 philosophi,
828 4034 952 4099 seilicet
973 4034 1114 4113 Christi,
1142 4038 1196 4123 qui
1220 4036 1313 4116 dion,
1342 4036 1429 4123 quod
1456 4050 1597 4101 amarat
1620 4038 1688 4115 via,
1719 4058 1780 4123 (pue
1809 4036 1897 4101 ducit
1920 4035 1962 4100 nd
1985 4036 2096 4099 vitam.

423 4152 505 4217 Nam
528 4150 569 4215 de
591 4152 784 4215 necessitato
806 4150 921 4215 salutis
942 4164 1076 4215 nonest
1097 4154 1145 4217 eis
1166 4150 1300 4239 aliquid,
1323 4153 1385 4218 nisi
1407 4150 1493 4241 quod
1512 4150 1639 4216 dicant:
1662 4152 1755 4233 „Non
1770 4166 1818 4215 est
1833 4150 1912 4216 deus
1927 4150 1988 4215 nisi
2005 4150 2127 4221 llerrat

423 4282 454 4333 ct
475 4266 699 4331 Macbometoa
728 4266 864 4331 nuncius
886 4265 981 4331 Dei.“
1024 4265 1150 4332 Tenent
1178 4268 1278 4352 igitur
1299 4272 1513 4333 communiter
1535 4270 1724 4347 sarraceni,
1751 4266 1838 4355 quod
1861 4270 1887 4332 oi
1910 4264 2012 4331 solum
2035 4264 2128 4333 boot

421 4382 501 4449 dicit
519 4386 729 4465 §moronus
749 4380 937 4459 calcabitur,
960 4384 1092 4447 ociamai
1114 4386 1224 4447 omnia
1246 4396 1381 4471 peccata
1402 4384 1443 4449 de
1465 4384 1585 4449 mundo
1606 4386 1736 4449 faceret.
1773 4384 1866 4449 Licet
1887 4384 1972 4447 enim
1994 4380 2128 4447 multat

421 4498 486 4565 alia
506 4511 666 4586 ponantur
687 4512 719 4561 et
742 4498 933 4563 mandentur
954 4503 988 4565 in
1007 4498 1079 4583 lege
1101 4500 1256 4585 ipsorum,
1277 4500 1401 4565 scilicet
1424 4500 1456 4563 in
1479 4500 1643 4581 alcorano,
1665 4512 1772 4565 tamen
1796 4496 2093 4585 transgressoribus

421 4614 509 4680 nulla
531 4614 683 4699 ponam)
702 4615 736 4679 in
758 4613 823 4679 ulia
845 4615 912 4679 rita
934 4614 1078 4679 debetur.
1115 4614 1158 4679 lit
1179 4614 1365 4694 notandum,
1389 4614 1474 4701 qtrod
1498 4616 1576 4681 illud
1598 4613 1742 4688 verbum,
1765 4614 1849 4703 qnod
1874 4614 2127 4681 llachonotust

421 4731 512 4819 ponit
532 4732 564 4795 in
587 4727 754 4804 alcorano,
776 4730 889 4809 credo,
920 4728 991 4818 plus
1013 4752 1110 4817 quam
1132 4744 1260 4795 centum
1284 4730 1428 4795 vicibus:
1462 4732 1555 4813 „Non
1578 4746 1626 4795 est
1649 4732 1727 4797 deus
1750 4732 1811 4796 nisi
1837 4730 1958 4802 lnior,
1983 4752 2093 4793 conce·

422 4847 509 4913 ditur
528 4844 572 4911 ab
590 4847 677 4911 omni
700 4858 798 4910 secta.
843 4846 924 4910 Nam
946 4844 987 4909 cle
1008 4848 1097 4911 omni
1118 4868 1154 4909 re
1177 4848 1239 4910 ista
1261 4848 1447 4935 proposicio
1469 4859 1516 4909 est
1538 4870 1617 4911 rara
1638 4846 1841 4935 simpliciter:
1869 4852 1958 4918 „Non
1980 4860 2022 4905 est
2045 4868 2129 4913 err-*o

421 4969 469 5025 nie
497 4966 557 5023 oiri
585 4964 685 5030 conio,-
720 4984 779 5022 non
805 4975 849 5023 ert
871 4986 960 5043 equus
980 4966 1039 5023 nisi
1060 4972 1168 5043 σφω*
1191 4974 1268 5042 eim
1295 4964 1357 5049 ipsi
1388 4976 1495 5028 tattten
1516 4964 1689 5029 sarraceni
1711 4961 1822 5027 volunt
1844 4961 1968 5032 (licere,
1998 4960 2094 5049 (portel,

422 5080 505 5143 alent
523 5078 585 5141 ista
609 5100 667 5163 per
690 5102 724 5139 se
747 5099 826 5140 vcra
847 5092 911 5141 est:
944 5084 1032 5150 „Non
1053 5094 1096 5139 eat
1117 5084 1187 5141 dcem
1209 5083 1268 5140 nt'rr'
1290 5082 1398 5151 Deur⁸·,
1422 5080 1467 5143 ita
1488 5093 1520 5143 et
1549 5080 1627 5143 ista:
1657 5085 1876 5152 „Mae-dometur
1903 5090 1945 5139 ert
1968 5082 2093 5137 nuncin:

422 5198 505 5257 Ilei.“
547 5192 613 5255 Sed
635 5208 788 5277 «putantum
808 5194 958 5257 iniuriam
984 5194 1104 5257 iaciunt
1127 5195 1255 5257 veritati
1278 5194 1498 5279 philosophie.
1521 5196 1574 5281 qui
1596 5196 1686 5259 iuxta
1709 5192 1968 5281 propositionem
1993 5194 2127 5263 roris-o

422 5310 538 5374 simam
562 5324 684 5395 ponunt
707 5309 967 5395 propositionem
990 5308 1197 5375 rotomnam
1209 5358 1219 5389 ,
1250 5324 1283 5373 et
1302 5326 1456 5395 otiantem
1483 5312 1634 5375 iniuriam
1658 5312 1780 5375 liaeinnt
1803 5310 1893 5389 ilco,
1923 5310 1977 5397 qni
2000 5310 2092 5373 iuxta

422 5428 590 5489 veritatem
615 5422 677 5487 Dei
710 5438 832 5509 ponunt
853 5425 1023 5487 nte-odaria
1044 5437 1074 5488 et
1094 5424 1267 5489 salsitatem
1290 5424 1500 5505 blac-borneti,
1529 5425 1662 5511 quilibet
1689 5430 1820 5513 sapiens
1849 5442 1953 5513 potest
1979 5448 2037 5511 per
2060 5450 2094 5487 so

424 5542 530 5627 ipsum
553 5538 733 5603 adrortere.
777 5536 818 5601 lit
841 5537 901 5601 hoe
923 5538 1068 5603 «licentes
1090 5538 1194 5605 serlum
1219 5539 1352 5605 credunt
1377 5540 1505 5605 oolosri.
1551 5542 1607 5605 En
1631 5544 1730 5624 igitur
1749 5542 1799 5607 lex
1824 5540 1915 5624 largn
1970 5540 2009 5605 Et
2035 5540 2093 5605 boc
2115 5506 2143 5555 ¹⁰

487 5766 541 5819 itt'»
578 5761 625 5817 Itu
648 5760 686 5819 (i.
707 5778 883 5839 rpuamquam
906 5763 1064 5839 praecessit
1088 5762 1139 5821 ric.
1343 5768 1398 5821 tos
1430 5762 1558 5819 dorolot
1579 5764 1615 5819 (l.

487 5862 555 5917 tuo.
576 5862 712 5917 onerant
734 5859 770 5917 o,
1342 5866 1396 5919 too
1435 5856 1499 5918 vid.
1524 5860 1634 5919 lassu
1658 5858 1778 5919 xxtn.
1801 5868 1827 5921 t.

488 5960 555 6015 tot·
578 5956 705 6031 liabent}
728 5968 839 6037 putant.
1339 5962 1397 6019 ‘ltro
1431 5960 1519 6033 peno}
1545 5978 1646 6035 poem.

402 6359 570 6523 Α
