5284 7042
1366 675 1422 736 122

560 857 594 920 in
615 878 686 919 enm
709 855 793 940 cepit
813 854 920 941 ipsum
941 876 1000 941 per
1020 866 1132 940 pectus
1155 853 1283 917 dicens:
1305 852 1420 934 „Veni
1443 870 1477 917 vt
1496 853 1694 940 respondeas
1716 854 1857 921 Domino
1880 855 1920 921 dc
1944 858 2108 943 sanguine,
2131 880 2229 946 quem

510 980 541 1029 21
561 971 715 1035 111111ε1111ι
744 968 803 1033 llle
830 979 938 1033 autem
967 966 1068 1033 dixit:
1096 970 1158 1051 „Et
1186 971 1257 1053 quis
1289 976 1338 1031 est
1361 967 1544 1033 Dominus?
1571 992 1675 1035 noune
1702 992 1761 1055 ego
1787 993 1857 1037 sum
1887 972 2034 1037 (lominus
2065 973 2228 1038 mnndi?“

510 1062 543 1181 ἐξ
561 1088 623 1162 (Ita
645 1088 729 1151 enim
750 1084 928 1150 vocabatur
952 1085 993 1149 ab
1014 1084 1164 1149 omnibus
1185 1087 1288 1149 eciam
1309 1083 1513 1166 Christianis,
1537 1084 1659 1151 scilicet
1679 1084 1826 1151 dominus
1848 1088 1982 1165 muudi.)
2024 1088 2069 1153 Et
2090 1091 2138 1154 ait
2157 1090 2227 1153 illa:

510 1213 543 1263 311
559 1202 674 1285 „Alius
702 1214 751 1265 est
785 1200 964 1265 dominus.“
1008 1200 1100 1265 Tunc
1130 1200 1227 1265 valde
1255 1202 1351 1264 tritus
1374 1198 1556 1286 euigilauit,
1586 1210 1617 1267 et
1645 1203 1835 1267 festinanter
1856 1202 1985 1269 baxitas
2008 1214 2039 1269 et
2059 1204 2231 1291 pontifices

561 1341 635 1384 suos
658 1320 787 1383 vocauit
809 1330 840 1381 et
862 1319 1083 1403 interrogauit,
1106 1319 1177 1403 quis
1198 1327 1283 1380 esset
1301 1314 1356 1381 ille
1379 1314 1537 1399 dominus,
1560 1320 1705 1405 quicum
1727 1330 1815 1383 tanto
1837 1321 1972 1406 imperio
1988 1320 2128 1385 vocabat
2145 1344 2228 1405 emn,

509 1446 538 1495 31
561 1446 592 1500 et
613 1434 774 1522 quomodo
797 1443 908 1520 posset
926 1432 1059 1497 liberari
1082 1432 1123 1496 ab
1146 1432 1212 1497 eo?
1242 1432 1285 1495 Et
1307 1432 1459 1495 dixerunt
1480 1434 1519 1513 ei,
1543 1434 1628 1521 quod
1650 1448 1735 1499 esset
1756 1434 1896 1522 quidam,
1918 1437 1971 1521 qui
1994 1435 2135 1501 habebat
2157 1460 2228 1523 sps

561 1551 687 1615 cialiter
715 1549 892 1614 vindictam
919 1550 1103 1635 sanguinis,
1135 1550 1190 1634 qui
1210 1546 1342 1613 volebat
1362 1544 1403 1611 ab
1426 1570 1463 1612 eo
1486 1548 1649 1633 inquirere
1671 1549 1711 1613 de
1732 1551 1830 1617 multo
1853 1554 2028 1637 sanguine,
2063 1575 2158 1640 quem
2180 1554 2227 1617 fu·

511 1679 543 1729 31
561 1666 669 1749 derat,
695 1668 915 1747 innocentum,
944 1677 975 1729 et
1002 1664 1088 1751 quod
1113 1688 1176 1729 non
1210 1674 1338 1749 poterat
1366 1662 1504 1727 euadere
1532 1665 1594 1728 nisi
1623 1688 1680 1751 per
1702 1664 1820 1731 multas
1843 1667 2044 1733 elemosinas.
2085 1668 2130 1733 Et
2152 1678 2227 1733 tunc

563 1785 694 1870 scripsit
710 1782 824 1868 Argon
852 1804 912 1867 per
942 1802 1052 1845 omnes
1075 1781 1222 1844 ciuitates
1244 1780 1391 1861 orientis,
1422 1779 1507 1863 quod
1535 1802 1645 1843 omnes
1667 1782 1789 1867 captiui
1810 1782 2060 1866 dimitterentur,
2089 1796 2120 1847 et
2141 1786 2228 1849 misit

561 1922 698 1985 magnos
718 1897 897 1979 thesauros,
919 1908 951 1960 et
969 1898 1045 1960 fecit
1064 1896 1135 1959 fieri
1156 1898 1317 1961 maximas
1340 1895 1543 1976 elemosinas,
1564 1907 1596 1959 et
1618 1908 1690 1985 post
1710 1898 1871 1962 modicum
1893 1910 2035 1963 mortuus
2058 1910 2116 1964 est.

511 1991 544 2108 ᾗ
685 2014 729 2079 111
750 2013 809 2077 hec
831 2012 871 2075 de
886 2011 1033 2075 Tartaris
1056 2010 1226 2077 sufficiant.
1263 2012 1356 2075 Nunc
1379 2024 1483 2075 autem
1504 2034 1737 2098 prosequamur
1760 2012 1799 2078 de
1820 2026 1931 2077 nostra
1952 2016 2228 2101 peregrinacione.

1286 2242 1380 2309 CAP.
1404 2242 1509 2307 Xllll.

534 2390 555 2483 ¹„
687 2392 904 2459 Procedentes
930 2405 1038 2457 autem
1068 2392 1110 2456 ad
1136 2394 1300 2477 regionem
1328 2392 1569 2479 frigidissimam
1592 2394 1773 2457 inuenimus
1794 2393 1963 2480 pulchram
1985 2397 2164 2478 ciuitatem,
2194 2398 2228 2461 in

564 2512 720 2576 altissimo
749 2510 819 2575 loco
842 2511 951 2591 sitam,
978 2511 1068 2572 cuius
1090 2530 1207 2573 nomeu
1228 2510 1516 2585 estArcr'ram122).
1558 2508 1608 2573 Ibi
1637 2521 1685 2573 est
1707 2520 1830 2573 tautum
1852 2512 1970 2596 frigus,
2002 2512 2088 2599 quod
2106 2515 2231 2578 mueni-

563 2652 634 2692 mus
655 2648 808 2713 magnam
829 2625 1063 2690 multitudinem
1085 2624 1249 2689 bominum
1270 2635 1511 2689 truncatorum:
1542 2624 1583 2688 ab
1608 2624 1714 2709 aliquo
1737 2624 1897 2690 ceciderat
1916 2649 2029 2709 nasus,
2057 2627 2099 2691 ab
2122 2626 2231 2714 aliquo

530 2726 546 2777 ²
564 2768 632 2831 pes,
654 2743 706 2807 vel
727 2741 836 2829 pedes,
858 2739 909 2805 vel
929 2762 1034 2821 crura,
1056 2740 1098 2805 ab
1120 2739 1227 2827 aliquo
1248 2762 1363 2803 manus
1386 2752 1517 2826 propter
1538 2740 1650 2824 frigus.

481 2854 517 2911 s
530 2862 545 2911 ³
687 2858 768 2923 Inde
789 2879 866 2922 vero
888 2856 1101 2942 procedentes
1123 2865 1236 2920 contra
1258 2856 1338 2919 fines
1360 2854 1522 2921 Thurcbic
1544 2856 1724 2920 inuenimus
1748 2855 1938 2921 altissimum
1960 2868 2109 2940 montem,
2132 2880 2230 2945 super

530 2985 659 3063 tquem
680 2975 838 3058 requieuit
860 2972 959 3037 archa
981 2973 1059 3038 Noe.
1101 2972 1185 3035 Nam
1215 2981 1283 3035 tota
1304 2970 1360 3035 illa
1382 2972 1550 3057 prouincia
1580 2994 1650 3035 cum
1679 2982 1770 3057 parte
1791 2972 1964 3037 Persarum
1983 2972 2152 3039 dicebatur
2173 2981 2230 3038 Ar·

530 3066 660 3181 {menie
682 3094 785 3152 maior.
826 3088 970 3153 Mentem
988 3099 1094 3153 autem
1112 3088 1200 3152 illum
1221 3086 1361 3151 vidimus
1384 3109 1403 3151 a
1425 3088 1565 3151 remotis.
1608 3086 1667 3151 Est
1689 3098 1796 3152 autem
1817 3090 1863 3152 ita
1884 3088 1986 3171 altus,
2015 3100 2050 3152 vt
2076 3092 2111 3153 in
2133 3113 2229 3177 expe-

563 3208 700 3271 rimento
727 3203 951 3291 probauimus,
980 3203 1067 3291 quod
1093 3204 1292 3283 inuenimus,
1324 3202 1410 3289 quod
1437 3204 1544 3267 omnia
1571 3202 1704 3267 flumina
1733 3227 1752 3267 a
1781 3218 1890 3269 monte
1913 3204 1967 3269 illo
1990 3203 2230 3271 descendebant

531 3344 677 3392 eversus
706 3332 815 3407 partes
844 3318 1016 3384 orientales
1045 3330 1077 3384 et
1104 3319 1269 3383 intrabant
1283 3320 1337 3381 1111
1364 3340 1452 3382 mare
1473 3316 1625 3383 indicum.
1667 3318 1710 3382 Et
1736 3319 1795 3383 hoc
1815 3332 1864 3383 est
1885 3342 2039 3407 expresse
2062 3344 2230 3407 argumen-

563 3450 632 3500 tum
654 3449 766 3500 contra
786 3436 893 3518 ludos,
916 3436 970 3522 qui
991 3436 1192 3499 menciuntur
1205 3434 1260 3512 111)
1281 3433 1434 3515 dicentes,
1457 3433 1543 3521 quod
1566 3434 1719 3499 diluuium
1743 3446 1886 3521 tempore
1908 3436 1977 3501 Noe
1997 3456 2061 3501 non
2083 3441 2230 3525 peruenit

505 3561 531 3637 χ
564 3551 607 3617 ad
629 3574 695 3617 eos.

531 3652 546 3701 8

531 3718 546 3767 9

515 3795 547 3844 10
564 3797 596 3848 et
618 3783 707 3870 alpes
729 3782 816 3846 salis.
859 3781 902 3845 Et
922 3780 1001 3846 illud
1022 3791 1070 3845 est
1092 3780 1140 3845 sal
1161 3792 1256 3863 terre,
1278 3804 1343 3847 nou
1364 3804 1456 3869 aque,
1479 3781 1565 3867 quod
1587 3805 1649 3847 nou
1671 3781 1831 3859 facile¹²⁵)
1853 3781 2016 3867 liquescit,
2038 3785 2120 3848 sicut
2143 3783 2231 3849 aliud

688 3666 768 3731 Inde
789 3666 1001 3752 procedentes
1025 3687 1139 3729 versus
1161 3665 1344 3751 aquilonem
1366 3667 1558 3730 intrauimus
1581 3666 1615 3731 in
1635 3672 1794 3731 Persidem.
1830 3666 1881 3732 Ibi
1903 3669 2083 3732 inuenimus
2106 3680 2229 3733 montes

515 3911 543 3962 11
566 3900 623 3983 sal,
645 3921 704 3964 nec
726 3897 820 3963 facile
841 3898 1009 3983 rumpitur.
1052 3897 1180 3964 Coeant
1202 3908 1309 3962 autem
1332 3910 1363 3961 et.
1384 3899 1537 3984 frangunt
1559 3899 1616 3979 sal,
1640 3901 1722 3963 sicut
1740 3901 1773 3963 in
1796 3896 1941 3984 partibus
1959 3900 2077 3963 nostris
2090 3898 2227 3985 lapides.

516 4024 546 4074 11
563 4016 607 4081 Et
628 4026 741 4103 postea
765 4013 844 4077 illud
864 4014 1018 4098 frangunt
1038 4015 1151 4078 ferreis
1173 4016 1404 4078 instrumentis.

515 4109 546 4225 l}
689 4132 724 4197 In
747 4130 859 4195 eadem
880 4152 1006 4217 quoque
1028 4130 1196 4214 prouincia
1218 4141 1291 4193 suut
1310 4130 1415 4193 fontes
1437 4129 1509 4209 olei,
1529 4131 1669 4193 maxime
1696 4131 1729 4195 in
1751 4137 1880 4209 tropaeo
1896 4130 1960 4205 111).
2003 4128 2097 4194 Vnde
2119 4153 2230 4195 omnes

515 4260 545 4310 15
563 4248 617 4313 ille
638 4249 805 4334 prouincia
825 4267 927 4329 vsque
948 4243 1127 4309 Baldacum
1151 4256 1183 4308 et
1203 4267 1305 4331 vsque
1335 4246 1367 4309 in
1390 4243 1517 4310 Indiam
1539 4256 1670 4309 vtunurr
1693 4244 1759 4309 sale
1786 4258 1871 4309 terre
1893 4256 1924 4309 et
1945 4246 2014 4309 oleo
2036 4244 2144 4309 fontis.
2187 4246 2232 4311 Et

563 4364 639 4428 licet
659 4362 763 4428 incole
784 4372 871 4425 terre
891 4370 964 4425 suut
986 4360 1158 4425 Sarraceni
1180 4372 1211 4424 et
1232 4359 1308 4424 mali
1331 4361 1492 4442 homines,
1520 4372 1627 4425 tamen
1656 4383 1714 4425 sua
1737 4360 1893 4425 beneficia
1916 4382 1978 4424 non
2001 4360 2162 4427 subtrabit
2183 4364 2230 4427 eis

561 4480 625 4555 ille,
647 4480 702 4565 qui
724 4478 825 4541 solem
846 4500 938 4541 suum
959 4476 1038 4540 facit
1058 4478 1137 4541 oriri
1162 4500 1258 4563 super
1280 4476 1382 4541 bonos
1403 4488 1433 4540 et
1455 4476 1567 4541 malos.

513 4605 545 4655 16
687 4593 766 4657 lude
791 4592 1002 4680 procedentes
1029 4616 1088 4678 per
1114 4615 1248 4677 regnum
1277 4592 1452 4657 Persarum
1484 4593 1691 4679 perueuimus
1717 4591 1759 4655 ad
1789 4603 1910 4655 terram
1939 4592 2159 4677 gratissimam
2173 4596 2229 4671 111)

513 4726 543 4775 11
563 4724 594 4778 θ1
621 4712 793 4799 planiciem
821 4706 1006 4794 pulchram,
1027 4731 1089 4796 que
1111 4707 1231 4772 dicitur
1253 4707 1412 4794 planicies
1435 4714 1605 4771 Deiotarus.
1647 4708 1697 4772 lbi
1726 4706 1963 4793 suntlapides,
1994 4708 2047 4793 qui
2070 4706 2190 4773 babent
2212 4732 2232 4773 a

561 4828 633 4893 Deo
649 4828 702 4903 111)
731 4827 882 4889 virtutem
913 4823 1049 4887 sanandi
1081 4835 1112 4888 et
1141 4822 1364 4887 consolidandi
1395 4846 1519 4887 omnem
1548 4826 1755 4887 inscissuram
1770 4824 1841 4905 111),
1868 4836 1903 4887 vt
1932 4844 1995 4888 non
2018 4824 2059 4887 sit
2080 4846 2162 4909 opus
2185 4826 2232 4889 cis

563 4943 688 5009 medico
710 4964 769 5006 nec
791 4940 854 5004 alia
875 4938 1046 5003 medicina.

514 5026 545 5144 ig
686 5056 766 5122 Inde
786 5057 933 5119 venimus
952 5056 986 5117 in
1010 5060 1199 5117 Thouriaiam
1214 5058 1279 5137 ¹³⁰),
1302 5078 1365 5141 que
1385 5066 1433 5119 est
1453 5054 1640 5141 metropolis
1661 5056 1843 5147 Persarum.
1886 5054 1925 5118 ln
1947 5054 2130 5134 Thaurisio,
2153 5054 2230 5119 ciui·

626 5264 696 5334 122)
723 5258 870 5333 Arrii-am]
906 5276 1010 5317 recens
1035 5255 1195 5328 Araerum,
1224 5256 1375 5327 Erasmus,
1416 5256 1494 5333 gbau
1515 5256 1552 5315 ed
1575 5258 1703 5317 Araxum
1731 5266 1759 5315 et
1779 5276 1859 5314 mare
1887 5258 2027 5336 caspium.
2071 5254 2106 5315 V.
2129 5256 2233 5315 Ritteri

562 5360 681 5439 antiquo
701 5360 805 5429 Arses,
826 5359 935 5428 Arnen,
954 5356 1138 5415 Atranutzin.
1416 5374 1515 5433 geogr.
1538 5376 1560 5415 s.
1579 5378 1606 5416 v.
1621 5354 1750 5432 Mogban
1770 5354 1800 5412 in
1821 5352 1917 5413 indice
1939 5354 1975 5413 ad
1989 5353 2057 5414 voll.
2071 5354 2231 5415 Vll-XI.

627 5485 697 5555 123)
717 5482 843 5539 intrav„
866 5480 903 5541 ρ,
1482 5458 1550 5528 127)
1573 5452 1727 5513 Vocabula
1743 5454 1935 5531 peremimus
1957 5462 1985 5513 et
2003 5461 2114 5512 terram
2132 5472 2148 5511 e
2163 5470 2231 5513 con-

1417 5554 1527 5612 iectura
1548 5552 1758 5633 supplevimus.

1483 5654 1551 5725 128)
1574 5650 1647 5711 God.
1670 5648 1707 5711 G.
1729 5654 1810 5723 adeo,
1831 5648 1911 5729 quod
1933 5650 2117 5711 mutavimus.

1484 5754 1550 5825 129)
1574 5750 1775 5825 inmissurum]
1796 5750 1958 5809 incisuram.

626 5830 696 5900 125)
718 5828 753 5883 de
768 5826 864 5897 facile
885 5822 920 5884 G·
1481 5851 1549 5922 rso)
1576 5848 1771 5923 Tranassem]
1801 5858 1845 5907 est
1868 5846 1993 5921 Tabim,
2021 5848 2137 5909 naue.
2181 5846 2227 5909 of.
2271 5920 2274 5927 ‚

627 5953 696 6021 126)
718 5947 856 6024 Mopano]
894 5945 1018 6007 Videtur
1051 5966 1115 6007 esse
1141 5946 1281 6025 planicies
1311 5944 1373 6006 Mo·
1415 5946 1517 6007 Ritteri
1538 5967 1636 6026 geogr.
1661 5947 1716 6007 IX.
1740 5952 1796 6007 852
1819 5968 1881 6026 sqq.

628 5608 697 5677 124)
716 5603 872 5663 Vocabula
899 5613 1003 5662 contra
1026 5604 1141 5673 Iader,
1174 5620 1249 5681 quae
1270 5602 1376 5681 repetit

562 5702 613 5776 G.‚
635 5704 793 5763 omisimus.
