5284 7042
1386 621 1425 682 64

696 804 779 869 Erat
805 802 925 889 quippe
952 801 1144 886 antiquitus,
1173 798 1254 860 sicut
1276 794 1371 861 hodie
1393 806 1459 878 est,
1489 819 1581 862 mons
1603 801 1676 860 Sion
1705 819 1764 884 pro
1787 810 1879 884 parte
1901 795 2144 883 supereminens
2166 795 2243 860 ciui·

574 923 648 1002 tati,
678 940 785 1006 capax
807 915 918 998 ualde,
949 915 1004 1002 qui
1024 915 1127 978 eciam
1146 933 1204 999 per
1226 934 1260 976 se
1282 913 1361 976 satis
1384 933 1534 998 magnam
1567 911 1693 978 uidetur
1715 934 1809 999 posse
1829 911 1937 977 lacere
1959 911 2133 976 ciuitatem.
2176 909 2241 990 Qui

575 1054 665 1102 mons
687 1035 818 1098 inicium
839 1029 963 1097 habens
984 1052 1004 1094 a
1025 1035 1152 1116 porta¹)
1175 1049 1332 1114 aquarum
1345 1028 1402 1089 ⁴³²t
1424 1030 1493 1094 sius
1510 1029 1609 1094 fontis
1630 1028 1717 1093 Siloa
1738 1040 1850 1094 contra
1871 1028 2027 1092 orientem
2048 1026 2127 1091 facit
2149 1029 2241 1092 semi·

575 1151 729 1217 circulum
753 1171 810 1236 per
831 1146 1000 1212 circuitum
1022 1155 1135 1210 contra
1155 1153 1301 1208 austrum
1323 1164 1424 1227 usque
1446 1142 1489 1208 ad
1510 1143 1726 1224 occidentem,
1748 1143 1804 1210 ubi
1827 1154 1897 1208 crat
1915 1144 2016 1208 turris
2036 1141 2158 1208 Dauid.
2199 1142 2242 1207 Et

575 1277 646 1332 erat
671 1288 730 1353 per
760 1273 860 1330 totum
889 1263 986 1326 istum
1009 1259 1162 1326 circulum
1184 1281 1281 1346 rupes
1304 1268 1459 1347 prerupta
1482 1272 1514 1325 et
1536 1281 1632 1324 arcus
1655 1258 1802 1325 similiter
1827 1259 1921 1324 istius
1941 1257 2155 1340 semicirculi,
2186 1260 2240 1346 qui

575 1381 804 1470 appellabatur
825 1376 1001 1458 Mello⁴³³),
1032 1377 1117 1442 circa
1150 1375 1240 1440 cuius
1262 1374 1473 1461 repletionem
1502 1375 1586 1439 inter
1607 1385 1746 1440 montem
1769 1373 1847 1441 Sion
1877 1385 1909 1439 et
1928 1376 2092 1440 ciuitatem
2114 1375 2242 1440 infcrio-

575 1521 646 1564 rem
672 1496 822 1582 leguntur
849 1515 943 1578 reges
964 1491 1046 1556 Iuda
1068 1491 1238 1579 plurimum
1260 1489 1504 1568 laborasse⁴³⁴).
1547 1494 1658 1552 Turris
1678 1513 1755 1555 uero
1778 1495 1883 1554 Dauid
1908 1492 1972 1556 sita
1990 1504 2039 1556 est
2058 1501 2171 1557 contra
2191 1512 2242 1556 oc·

577 1612 735 1680 sidentem
766 1611 798 1674 in
828 1607 968 1697 quodam
994 1606 1073 1672 colle
1102 1608 1204 1694 ipsius
1227 1615 1381 1693 prerupta
1402 1607 1493 1692 rupis
1516 1615 1734 1692 competenter
1763 1606 1933 1687 eminenti,
1965 1619 1997 1672 et
2019 1629 2139 1693 uorago
2160 1607 2241 1694 ipss,

577 1751 638 1816 que
660 1727 747 1792 uenit
769 1747 788 1788 a
809 1735 902 1812 parte
925 1723 1058 1788 australi
1081 1724 1197 1788 montis
1219 1721 1304 1787 Sion.
1327 1721 1567 1809 sequensb)⁴⁸⁵)
1596 1743 1667 1785 eam
1689 1744 1789 1808 usqne
1817 1723 1860 1788 ad
1880 1722 2095 1804 occidentem,
2122 1721 2179 1787 ubi
2199 1737 2242 1786 te·

576 1845 650 1930 tigit
670 1863 783 1930 rupem
804 1843 902 1904 turris
924 1837 1050 1920 Dauid,
1082 1839 1189 1902 statim
1213 1835 1410 1902 ouruabatur
1430 1835 1615 1902 inclinando
1637 1861 1672 1902 se
1693 1837 1735 1902 ab
1757 1838 1922 1904 occidente
1944 1855 2058 1905 contra
2079 1841 2242 1913 orientem,

577 1981 698 2047 gyrans
729 1959 835 2044 ipsam
864 1957 988 2020 turrim.
1030 1953 1074 2018 Et
1100 1953 1145 2017 ita
1177 1964 1245 2018 erat
1272 1955 1371 2018 turris
1399 1955 1433 2018 in
1458 1976 1538 2040 rupe
1561 1964 1593 2017 et
1612 1955 1646 2016 in
1667 1952 1808 2038 quodam
1833 1954 1949 2041 angulo
1972 1956 2138 2042 uoraginis
2159 1953 2243 2020 illius

578 2077 760 2140 constituta.
801 2071 906 2137 Uallia
936 2081 1042 2136 autem
1067 2070 1134 2134 sius
1162 2091 1283 2156 uorago
1290 2119 1298 2151 ,
1334 2091 1395 2156 que
1422 2071 1527 2156 ipsam
1558 2068 1725 2154 cingebat,
1755 2068 1961 2134 diuidebatur
1987 2071 2022 2134 in
2044 2070 2126 2134 duas
2145 2069 2245 2136 ualles

579 2190 767 2280 profundas,
790 2209 927 2274 quarum
948 2207 1012 2250 una
1034 2182 1234 2272 procedebat
1257 2196 1369 2250 contra
1390 2185 1584 2272 aquilonem,
1606 2183 1672 2248 alia
1697 2196 1808 2250 contra
1830 2189 1992 2252 orientem.
2035 2185 2079 2250 Et
2098 2189 2159 2250 iste
2182 2185 2243 2252 duc

577 2307 679 2372 ualles
701 2302 864 2369 faciebant
885 2300 982 2367 alium
1006 2299 1169 2386 angulum,
1192 2303 1375 2388 oppositum
1397 2299 1529 2386 angulo,
1549 2301 1582 2364 in
1604 2321 1667 2386 quo
1690 2314 1759 2366 erat
1780 2304 1879 2367 turris
1900 2302 2012 2368 Dauid
2034 2305 2110 2384 sita,
2132 2313 2164 2367 et
2184 2304 2244 2368 istc

579 2421 715 2508 angulus
738 2431 807 2484 erat
829 2417 869 2483 de
892 2419 1021 2482 ciuitate
1043 2417 1201 2492 infcriori,
1223 2419 1305 2482 sicut
1326 2417 1409 2481 infra
1432 2416 1563 2482 dicetur.

702 2534 806 2600 Uallia
835 2535 932 2620 igitur
957 2531 1027 2614 illa,
1058 2553 1119 2619 que
1146 2531 1186 2597 de
1216 2541 1304 2596 turre
1326 2529 1438 2596 Dauid
1470 2530 1702 2614 descendebat,
1733 2533 1931 2620 procedebat
1961 2535 2071 2622 utique
2092 2535 2126 2597 in
2146 2533 2247 2598 latere

580 2651 754 2741 aquilonali
775 2652 891 2714 montis
908 2649 986 2713 Sion
1008 2669 1108 2733 usque
1132 2647 1174 2712 ad
1196 2659 1336 2713 montem
1359 2651 1505 2728 Mors’a‘l,
1528 2649 1559 2710 in
1582 2669 1644 2735 quo
1666 2649 1912 2736 crattemplum,
1933 2671 2089 2736 separans
2103 2672 2122 2715 a
2138 2661 2245 2716 monte

582 2769 660 2836 Sion
688 2771 793 2856 ipsum
825 2775 965 2830 montem
987 2763 1092 2829 Moris
1121 2777 1151 2828 et
1181 2775 1279 2830 totam
1308 2765 1492 2828 inferiorem
1521 2765 1691 2828 ciuitatem.
1731 2763 1775 2830 Et
1803 2763 2019 2830 descendebat
2041 2789 2163 2852 uorago
2185 2769 2247 2832 ista

583 2885 688 2950 adhuc
717 2883 801 2948 ultra
832 2903 931 2965 usquc
954 2881 985 2942 in
1007 2891 1182 2946 torrentem
1206 2879 1335 2946 Cedron
1356 2901 1415 2966 per
1435 2879 1557 2959 locum,
1588 2877 1643 2943 ubi
1665 2901 1749 2944 nunc
1770 2891 1818 2944 est
1839 2891 1933 2967 porta
1956 2903 2132 2968 aquarum,
2164 2886 2246 2948 inter

583 3011 724 3066 montem
746 2995 824 3062 Sion
843 3009 872 3060 ct
895 2995 1055 3082 palacium
1075 2996 1265 3078 Salomonis,
1288 2995 1373 3081 quod
1396 2993 1578 3060 edificatum
1599 2995 1660 3060 fuit
1682 2997 1715 3060 in
1735 3007 1828 3082 parte
1851 2997 1985 3062 australi
2002 3001 2121 3064 montis
2133 2999 2238 3066 Moris

580 3117 625 3182 Et
646 3117 691 3180 ita
714 3135 837 3198 uorago
858 3113 920 3176 ista
942 3113 1118 3199 antiquitus
1141 3135 1181 3177 ex
1204 3111 1290 3177 omni
1320 3123 1412 3197 parte
1441 3109 1592 3196 cingebat
1621 3123 1760 3177 montem
1783 3111 1868 3178 Sion.
1910 3111 2012 3190 Heca)
2041 3128 2112 3181 erat
2133 3117 2246 3182 ciuitas

582 3231 704 3298 Dauid.
746 3227 867 3293 Uerum
894 3248 976 3290 nunc
1002 3249 1124 3314 uorago
1152 3229 1213 3292 ista
1239 3234 1340 3301 tota⁸l
1367 3237 1415 3291 est
1435 3225 1573 3314 repleta,
1608 3238 1743 3313 possunt
1764 3239 1871 3294 tamen
1893 3228 1998 3293 adhuc
2019 3231 2088 3296 eius
2109 3235 2245 3320 uestigia

582 3345 763 3434 aliqualiter
785 3341 992 3429 deprehendi.

649 3497 675 3566 a)
689 3499 772 3628 pqrtc
790 3491 830 3546 St.
848 3489 974 3630 portush.
993 3521 1026 3530 —
1044 3489 1072 3560 b)
1082 3494 1171 3562 fipcrss
1190 3491 1229 3548 St.
1249 3494 1357 3560 ciupcnc
1375 3489 1400 3544 b.
1418 3491 1490 3546 Edit.
1510 3491 1580 3547 Veu.
1597 3523 1628 3532 -
1648 3498 1674 3562 c)
1693 3493 1792 3548 Murio
1809 3494 1912 3564 passim
1929 3493 1969 3550 St.
1993 3525 2025 3534 -
2049 3495 2077 3560 d)
2097 3495 2127 3548 b‘
2145 3495 2184 3550 St.
2201 3497 2245 3550 bic

737 3615 743 3628 .
761 3605 792 3615 -
813 3577 837 3646 e)
855 3583 920 3628 noto
958 3581 969 3628 t

583 3726 799 3786 concensemus,
822 3714 869 3793 qui
891 3735 1004 3773 mecum
1025 3713 1065 3772 ibi
1087 3714 1202 3772 luerunt
1223 3724 1252 3772 et
1273 3723 1395 3793 utraque
1435 3723 1550 3794 portam
1579 3714 1666 3774 fontis
1688 3713 1786 3775 Silone
1812 3717 1982 3796 appellans,
2007 3718 2157 3779 meridiem
2187 3741 2248 3781 var·

583 3817 752 3886 nonerunt),
772 3812 849 3892 quod
874 3813 1034 3872 Ierusalem
1056 3813 1179 3892 amplior
1198 3814 1287 3872 multo
1308 3813 1346 3872 sit
1367 3822 1396 3872 et
1436 3833 1485 3871 sus
1514 3825 1647 3892 spectare
1675 3824 1773 3892 putat,
1804 3835 1918 3894 ponens
1939 3835 2004 3876 earn
2026 3819 2104 3876 inter
2127 3829 2246 3878 montem

583 3913 714 3991 longior,
746 3931 833 3989 quum
853 3911 978 3988 antiqua
1000 3911 1106 3969 ciuitas
1129 3911 1396 3988 mnpdcburpensis,
1437 3911 1524 3988 Sion,
1555 3921 1586 3970 ut
1614 3911 1689 3971 infra
1723 3911 1806 3983 dicit,
1842 3924 1869 3973 ct
1893 3915 2048 3991 palacium
2075 3917 2247 3977 Salomonis.

585 4031 674 4090 quam
701 4011 825 4070 includit
853 4030 956 4069 murus
978 4010 1123 4068 circuiens
1145 4013 1180 4068 dc
1201 4019 1305 4068 sancto
1327 4011 1395 4068 Am·
1437 4011 1528 4070 Porta
1548 4011 1636 4070 fontis
1658 4009 1756 4070 Siloas
1780 4022 1825 4072 est
1845 4013 1956 4086 eadem,
1977 4033 2053 4094 quae
2074 4028 2159 4094 ports
2181 4027 2249 4076 ster·

584 4113 680 4170 orosio
712 4111 786 4184 (siue
808 4107 948 4184 Georpio,
975 4129 1011 4168 ex
1033 4107 1090 4166 alia
1110 4109 1277 4187 scriptione)
1306 4129 1397 4186 usquc
1439 4111 1521 4178 coris,
1543 4110 1572 4168 in
1592 4110 1774 4172 meridionali
1795 4113 1940 4172 moenium
1957 4121 2048 4191 parte.
2086 4112 2122 4176 V.
2139 4114 2251 4175 'l‘obler

585 4213 626 4270 ad
647 4229 754 4268 nouam
768 4209 917 4268 ciuitatem
931 4209 1106 4267 exclusiuc.“
1143 4207 1328 4266 Burclsardus
1345 4210 1396 4285 igi·
1439 4207 1572 4287 Topogr.
1600 4230 1628 4270 r.
1651 4211 1742 4273 Ierus.
1771 4213 1796 4272 1.
1827 4215 1892 4273 152.
1924 4215 1988 4274 163.
2031 4209 2077 4272 Of.
2099 4212 2250 4275 Robinson

584 4319 631 4369 tur
657 4306 889 4386 Magdsburgum
917 4305 1119 4385 frequentavit.
1161 4305 1245 4364 Idem
1273 4307 1398 4366 eflicitur
1438 4307 1502 4368 Pal.
1524 4307 1565 4366 ll.
1592 4311 1644 4369 121
1670 4319 1728 4370 not.
1755 4313 1821 4372 123.

585 4428 622 4468 sx
652 4409 699 4480 iis,
733 4426 807 4486 qnae
840 4407 871 4465 in
902 4403 1005 4466 eadem
1036 4407 1130 4484 priore
1160 4406 1329 4464 recensione
1358 4405 1397 4464 sd
1502 4444 1574 4512 43³)
1595 4440 1696 4516 Melpo}
1726 4441 1817 4502 110er
1836 4444 1912 4514 μὴ,
1933 4441 2033 4518 Μθῃον
2056 4443 2145 4505 habet
2164 4445 2250 4524 vulg¹

584 4505 673 4565 fidem
703 4503 766 4564 cod.
794 4513 867 4564 urat.
888 4503 916 4563 b.
939 4511 1114 4562 annotantur
1141 4502 1179 4562 ad
1202 4523 1264 4584 cap.
1288 4503 1341 4564 VI.
1364 4510 1397 4564 7:
1441 4537 1487 4601 cf·
1509 4538 1602 4598 ΒΜΓ
1623 4537 1709 4599 XVI·
1732 4545 1802 4602 354·
1822 4545 1889 4602 390·
1930 4539 1967 4600 v·
1988 4541 2101 4602 Toblgr
2123 4544 2200 4625 'pop‘
2223 4565 2251 4606 γ,

586 4603 693 4680 „Quod
715 4603 846 4683 spacium
868 4601 971 4662 melius
992 4603 1125 4662 estimare
1147 4603 1244 4681 potui,
1266 4603 1335 4680 quia
1354 4622 1398 4662 se·
1440 4639 1531 4697 Im
1559 4637 1586 4697 Ι.
1615 4639 1653 4698 20
1673 4659 1716 4718 sq·
1743 4648 1801 4699 not·
1825 4643 1858 4714 23
1885 4661 1913 4718 p·
1937 4645 1985 4702 37,
2019 4645 2084 4702 ¹37⁶
2133 4642 2252 4704 Gegenq

586 4707 652 4785 Ρὶῑῑθ
676 4702 749 4763 lund
770 4702 951 4782 P⁰¹if⁸¹¹⁸l¹¹l
1000 4701 1124 4760 Vim?
1150 4699 1220 4758 'mm
1241 4720 1302 4758 ⁶⁶⁸⁶
1324 4701 1399 4760 “M
1441 4738 1587 4797 scrutantis
1605 4746 1650 4796 est
1670 4757 1738 4816 pars
1753 4739 1836 4809 arcis,
1857 4748 1887 4797 ct
1906 4739 2050 4816 significat
2066 4743 2183 4802 callum.
2216 4742 2250 4803 V.

587 4805 622 4862 αθ
643 4802 828 4879 M‘Wd‘bury
850 4801 881 4858 in
901 4799 1048 4876 B⁰Tb⁰⁹·“
1090 4799 1238 4879 Appmt’
1261 4799 1399 4859 Barbium
1441 4835 1551 4912 IReg.
1572 4835 1629 4897 XI.
1651 4839 1704 4897 27:
1725 4837 1794 4916 quia
1816 4836 1955 4897 Salomon
1977 4837 2253 4912 aedificaritllello,

587 4920 702 4981 q¹¹⁰q¹³0
724 4901 904 4960 ”⁰5⁸⁸imum
924 4898 1013 4959 s⁰i⁸⁸⁰
1027 4896 1202 4960 Burchardffi
1247 4896 1305 4972 QUi
1320 4897 1400 4958 hwd
1442 4944 1472 4993 et
1503 4937 1676 5014 coaequavit
1710 4937 1878 5012 voraginem
1911 4939 2034 4996 civitatis
2063 4939 2172 5001 David.
2221 4941 2253 5000 11

589 5001 648 5058 ⁸⁰³⁰
672 5020 710 5059 ⁸¹¹
731 5019 791 5060 ¹¹⁰⁰
811 5017 848 5058 ⁰¹
870 4998 1021 5056 ⁰⁰mitib⁰⁸
1041 4996 1257 5070 b⁸¹bi⁰¹¹⁸ib⁰⁸'
1278 5019 1400 5078 q¹¹⁰m¹²¹
1442 5032 1549 5096 Chron.
1565 5033 1704 5094 XXXII.
1728 5041 1759 5096 5:
1781 5035 1953 5095 instauravit
1972 5036 2062 5096 Mello
2085 5039 2115 5098 in
2136 5041 2253 5099 civitate

587 5099 669 5176 genti
688 5117 795 5158 noman
814 5097 987 5154 Burclurdi
1008 5097 1146 5154 unitatum
1168 5096 1257 5158 fnisse
1278 5098 1401 5166 videtur,
1442 5131 1550 5192 David·
1591 5133 1624 5194 H
1647 5131 1727 5191 snm·
1750 5130 1786 5193 v·
1810 5139 1845 5195 9:
1877 5147 1906 5194 et
1932 5135 2096 5195 aedificavit
2123 5159 2175 5217 per
2200 5159 2254 5218 gy.

590 5192 728 5254 oriundus
747 5193 841 5267 fuerit,
860 5214 948 5274 quum
971 5214 1132 5272 cognomen
1153 5196 1188 5252 dc
1207 5199 1308 5254 Monte
1329 5198 1401 5256 Sion

590 5292 627 5351 ab
650 5291 747 5371 aliquo
772 5293 896 5354 claustro
918 5295 1071 5373 repetitum
1091 5297 1277 5372 ssss'possit.

633 5391 703 5459 432)
726 5411 745 5448 a
768 5403 861 5467 porra
888 5391 1041 5471 aquarum!
1075 5391 1165 5452 Porta
1191 5411 1345 5474 aquumm,
1377 5395 1402 5453 si
1505 5367 1577 5436 4³4)
1597 5363 1758 5440 l‘¹⁶⁰''a3l0l
1780 5364 1817 5426 V·
1838 5367 1854 5426 Ῑ
1874 5365 1948 5446 ΗΘΒ
1969 5367 2018 5428 XI
2039 5373 2087 5430 Ἦ·

1441 5251 1504 5289 rum
1526 5251 1545 5288 a
1564 5229 1652 5290 Mallo
1675 5241 1704 5290 st
1723 5231 1903 5294 intrinsecus.

590 5487 792 5548 Robinsonmn
816 5493 959 5571 sequaris,
980 5511 1038 5550 non
1059 5500 1121 5551 erat
1140 5492 1171 5550 in
1192 5495 1334 5553 exteriore
1354 5512 1402 5552 ur·
1502 5495 1575 5568 435)
1596 5496 1727 5572 sequens]
1760 5497 1995 5572 Emendatione,
2016 5521 2102 5580 quam
2124 5501 2256 5574 fecimus,

591 5589 635 5648 bis
657 5597 748 5668 parte,
768 5589 798 5647 iu
820 5590 979 5663 moenibus,
1002 5589 1054 5651 sed
1072 5590 1175 5686 templi
1190 5589 1228 5650 ad
1243 5611 1324 5652 aram
1338 5611 1403 5671 per·
1443 5613 1581 5671 sequens,
1609 5607 1639 5654 st
1659 5594 1789 5656 locorum
1811 5599 1893 5669 situi,
1915 5609 1945 5658 et
1966 5601 2175 5661 vocabulorum
2197 5601 2254 5660 lor·

591 5687 712 5748 tinuisse
734 5685 855 5760 videtur,
877 5687 1056 5749 occidentem
1078 5709 1177 5750 versus
1198 5692 1261 5752 sita.
1292 5689 1330 5750 V.
1343 5689 1401 5750 Ro·
1442 5694 1497 5752 mis
1517 5695 1611 5772 magis
1629 5697 1792 5756 consultum
1813 5695 1998 5770 volebamus,
2026 5719 2116 5778 quum
2136 5701 2255 5780 scriptio

592 5787 698 5847 binson
719 5785 784 5846 Pal.
806 5787 848 5846 Π.
873 5791 936 5847 118.
979 5785 1037 5860 Qui
1057 5792 1081 5849 si
1103 5809 1202 5848 varum
1224 5788 1304 5860 vidit,
1326 5798 1402 5848 errat
1443 5793 1561 5868 cinyras
1587 5795 1683 5854 minus
1710 5815 1801 5875 prope
1829 5794 1953 5854 accedat
1973 5796 2012 5855 ad
2033 5799 2157 5858 formam
2177 5798 2255 5858 oodi·

593 5885 794 5960 Burclrardus,
825 5885 873 5965 qui
900 5893 1012 5965 portam
1040 5906 1179 5967 aquarum
1207 5889 1263 5948 alio
1284 5889 1402 5947 nomine
1443 5891 1485 5950 cis
1507 5889 1549 5952 St.
1564 5893 1673 5971 siparis,
1693 5914 1780 5974 quam
1802 5913 1932 5970 sequens.
