5284 7042
1411 742 1469 805 ¹84

552 944 584 999 11)
724 918 778 985 Ab
804 918 862 985 illa
890 942 1009 1006 magno
1035 921 1153 985 timore
1175 920 1385 983 transiuimus
1407 918 1590 999 Arrim200),
1618 940 1680 1007 que
1709 930 1759 985 est
1779 920 1893 984 ciuitas
1915 940 2018 1005 parua
2039 926 2070 982 et
2092 917 2268 998 destructa,

600 1046 747 1123 tempore
777 1044 997 1121 treugarum·)
1034 1058 1055 1099 a
1084 1036 1203 1101 nostris
1232 1033 1429 1117 inhabitata,
1470 1032 1586 1101 multos
1617 1036 1650 1099 in
1679 1032 1795 1099 linibus
1824 1034 1890 1099 suis
1919 1032 2043 1099 habens
2071 1031 2270 1099 latrunculos

601 1172 801 1215 sarracenos.

552 1288 580 1339 lt
724 1266 769 1331 Ilt
788 1277 917 1348 notate,
945 1266 1032 1355 quod
1050 1266 1092 1331 he
1112 1267 1261 1331 ciuitates
1281 1276 1315 1331 et
1337 1265 1422 1331 diota
1443 1276 1474 1331 et
1495 1264 1630 1331 dicanda
1657 1268 1690 1331 in
1712 1266 1891 1353 perditione
1911 1276 1997 1329 terre
2019 1274 2131 1331 saneta
2152 1288 2172 1329 a
2195 1264 2269 1329 Sar-

602 1386 729 1449 racenis
749 1384 878 1449 fuerunt
897 1382 1079 1465 destructa,
1104 1392 1212 1469 preter
1233 1387 1303 1461 Ias,
1332 1403 1429 1468 quam
1449 1382 1551 1447 nostri
1572 1390 1718 1469 tempore
1738 1381 1873 1447 Haurioi
1894 1382 2105 1469 Imperatoris
2126 1418 2168 1428 -
2189 1379 2269 1468 proh

554 1521 584 1574 11
602 1499 725 1587 pudor!
747 1537 788 1546 -
809 1496 1020 1585 perdiderunt
1031 1500 1098 1571 ²⁰¹).
1140 1497 1179 1562 In
1200 1519 1266 1583 qua
1284 1497 1344 1563 filii
1359 1496 1543 1563 Mammone
1563 1498 1683 1563 nostris
1705 1498 1847 1585 pcccatis
1871 1495 2077 1583 exigentibus
2098 1496 2268 1561 duodecim

553 1634 584 1684 13
600 1614 692 1681 milia
711 1614 973 1681 Christianorum
999 1614 1187 1681 occiderunt
1207 1624 1239 1677 et
1261 1614 1520 1700 captiuauerunt.
1564 1612 1636 1677 Hac
1655 1611 1711 1678 illa
1732 1624 1781 1679 est
1803 1619 1911 1695 Ioppe,
1938 1614 1970 1678 in
1992 1635 2055 1699 qua
2077 1612 2192 1677 beatus
2213 1612 2269 1675 Pe-

602 1742 672 1797 trus
696 1732 853 1795 uisionem
875 1751 975 1816 supra
994 1739 1116 1795 tactam
1129 1730 1186 1806 ²⁰²)
1208 1730 1344 1815 accepit,
1368 1728 1490 1794 scilicet
1512 1750 1570 1793 uas
1592 1727 1633 1793 de
1655 1726 1723 1794 celo
1745 1730 1890 1811 missurn,
1912 1728 2041 1816 plenum
2057 1730 2146 1793 omni
2160 1726 2268 1815 reptili

554 1858 703 1929 reterre,
724 1844 811 1933 quod
833 1844 967 1930 angelus
988 1846 1095 1932 ipsum
1116 1842 1314 1909 manducare
1336 1828 1490 1931 precepit.
1528 1843 1600 1909 Hac
1621 1854 1668 1908 cst
1689 1845 1791 1909 eciam
1813 1844 1880 1926 illa,
1903 1846 1937 1910 in
1958 1846 2048 1911 cuius
2075 1856 2170 1931 portu
2185 1844 2270 1929 magi

602 1960 736 2027 adorato
757 1960 901 2026 Domino
924 1982 984 2047 per
1011 1960 1108 2026 aliam
1136 1962 1222 2025 uiam
1245 1959 1415 2025 redeuntes
1436 1980 1553 2025 nauem
1574 1981 1633 2025 nec
1654 1959 1725 2025 uelo
1746 1982 1805 2025 nec
1826 1966 1924 2025 remis
1952 1964 2109 2025 munitam
2130 1962 2270 2025 intraue-

555 2104 584 2153 15
602 2086 686 2141 runt.
730 2073 795 2156 Qui
817 2074 915 2157 illino,
937 2086 973 2140 ut
997 2099 1096 2163 supra
1120 2074 1216 2163 plene
1238 2076 1356 2163 scripsi
1369 2076 1437 2155 ²⁰³),
1460 2074 1502 2141 ad
1524 2086 1654 2161 portum
1673 2075 1788 2141 Tarsis
1806 2076 1999 2143 miraculose
2021 2086 2096 2141 suut
2116 2075 2271 2164 perducti.

555 2214 586 2265 rs
603 2192 674 2257 Heo
696 2194 829 2274 ciuitas,
857 2193 940 2257 sicut
961 2203 993 2257 et
1013 2191 1152 2279 relique,
1181 2214 1202 2256 a
1224 2192 1344 2256 nostris
1367 2212 1447 2279 pace
1474 2212 1494 2255 a
1515 2192 1651 2277 paganis
1681 2192 1727 2257 eis
1748 2190 1873 2259 indulta
1894 2190 2070 2257 inhabitari
2094 2191 2270 2255 consueuit.

555 2327 585 2379 tt
603 2309 714 2375 Distat
734 2330 754 2373 a
776 2307 918 2373 Cesarea
939 2330 1036 2372 unam
1059 2308 1188 2375 dietam.

572 2440 582 2485 ι
726 2426 784 2491 ΙΠ.
826 2422 897 2489 lllio
916 2422 1036 2489 ducatu
1058 2423 1152 2489 nobis
1173 2445 1327 2487 concesso
1348 2422 1565 2508 relinquentes
1586 2422 1781 2487 maritimam
1803 2434 1833 2489 et
1848 2422 2034 2487 incedentes
2048 2444 2163 2489 uersus
2178 2426 2271 2489 meri·

603 2540 689 2605 diem
720 2540 1000 2629 peragrauimusl’)
1027 2551 1147 2604 terram
1177 2541 1345 2603 uerissime
1373 2537 1457 2603 lacte
1484 2546 1515 2601 ct
1538 2536 1630 2603 melle
1654 2538 1892 2619 fluentem²⁰⁴),
1922 2550 1953 2603 et
1975 2540 2184 2605 mansioimus
2207 2544 2270 2604 Bc-

602 2657 757 2738 mem²⁰⁵),
780 2680 841 2744 que
862 2656 977 2720 ciuitas
999 2654 1180 2735 destructa,
1201 2677 1221 2718 a
1242 2656 1432 2719 Sarracenis
1454 2652 1634 2719 inhabitata
1646 2702 1654 2735 ,
1678 2654 1718 2719 de
1741 2677 1805 2741 qua
1825 2666 1971 2742 tompore
1994 2654 2192 2736 Greoorum,
2216 2656 2268 2741 qui

603 2784 679 2837 tunc
704 2780 826 2837 terram
852 2794 950 2836 manu
975 2769 1142 2852 tenebant,
1172 2768 1286 2835 beatus
1309 2767 1470 2854 Georgius
1479 2777 1504 2845 ε)
1533 2768 1687 2835 oriundus
1714 2772 1789 2851 t'uit3
1817 2770 1902 2837 uude
1924 2780 1955 2835 et
1975 2769 2071 2835 hodie
2093 2792 2113 2835 a
2133 2768 2268 2835 Gallicis

571 2886 671 2959 osan
690 2888 786 2974 lorge
812 2886 1109 2963 commutentur
1137 2884 1219 2950 solet
1246 2883 1415 2970 appellari.
1459 2884 1558 2951 Cuius
1587 2908 1704 2971 corpus
1733 2888 1766 2951 in
1796 2886 1935 2975 quodam
1959 2886 2094 2951 cenobio
2118 2886 2270 2951 Suriano-

570 3027 677 3079 erum
697 3006 790 3069 iuxta
810 3004 899 3069 illam
921 3004 983 3069 sito
1005 3002 1179 3087 requiescit
1190 3002 1258 3074 ²⁰³).
1303 3000 1369 3081 Qui
1391 3003 1492 3065 eciam
1514 3000 1688 3086 aliquando
1711 3012 1785 3089 post
1807 3014 1941 3069 mortem
1964 3002 2072 3067 carnis
2094 3002 2126 3065 in
2149 3002 2269 3067 eisdem

602 3118 720 3185 tinibus
749 3142 821 3185 cum
848 3117 1051 3199 Boldewino,
1082 3140 1159 3203 rege
1187 3107 1492 3203 hierosolymitano,
1527 3116 1698 3181 uisibiliter
1727 3127 1839 3183 contra
1869 3118 2027 3195 Toronae)
2057 3120 2215 3205 pugnauit
2240 3128 2270 3183 et

570 3261 585 3309 1
603 3237 722 3301 nostris
743 3236 914 3301 uictoriam
936 3234 1105 3298 concessit.
1146 3232 1223 3298 Alia
1244 3244 1294 3297 est
1313 3232 1418 3297 Mina
1439 3230 1548 3313 ludeo,
1571 3232 1611 3297 de
1633 3252 1696 3318 qua
1719 3255 1778 3299 suo
1800 3232 1870 3299 loco
1893 3234 2188 3321 expedieminiffi).

574 3388 584 3437 1
729 3352 777 3417 IV
777 3400 786 3415 .
827 3352 904 3437 lpso
926 3350 978 3415 die
999 3350 1145 3413 uenimus
1166 3350 1436 3430 accrescentem),
1466 3348 1552 3436 quod
1575 3360 1624 3411 est
1645 3348 1767 3431 casole,
1794 3352 1885 3415 cuius
1908 3352 2100 3415 munitiones
2121 3360 2195 3415 suut
2216 3350 2268 3415 dc·

570 3476 735 3548 ostreata,
755 3466 969 3532 inhabitatum
987 3487 1008 3529 a
1029 3464 1227 3529 Sarracenis.
1268 3464 1313 3528 Et
1332 3463 1431 3529 distat
1452 3486 1473 3527 a
1493 3463 1592 3551 lopea
1614 3462 1665 3529 uel
1685 3464 1740 3529 las
1758 3474 1882 3552 septem
1904 3466 1993 3531 milia
2014 3464 2184 3551 gallicana.

571 3602 586 3653 3
728 3581 862 3647 Postero
889 3580 960 3663 die,
990 3582 1047 3665 qui
1073 3582 1157 3644 iuter
1187 3602 1298 3645 omnes
1319 3580 1389 3645 dies
1411 3602 1481 3645 mee
1501 3580 1665 3645 felicitatis
1685 3580 1891 3646 felicissimus
1912 3579 2170 3668 computabitur,
2197 3604 2268 3648 cou-

572 3697 788 3763 csoendimus
809 3708 962 3763 montana
974 3699 1174 3759 Hierusalem.
1216 3694 1289 3775 Qus
1311 3706 1385 3761 sunt
1406 3694 1578 3761 admodum
1600 3695 1676 3781 alta,
1697 3696 1846 3785 lapidosa
1867 3707 1899 3762 et
1920 3698 2101 3784 asperrima
2122 3705 2163 3779 et,
2186 3696 2270 3784 quod

573 3811 754 3878 emirabile
775 3822 842 3893 est,
871 3809 1006 3876 multum
1027 3811 1112 3890 uini,
1141 3808 1203 3875 olei
1225 3822 1256 3875 et
1275 3810 1428 3875 frumenti
1450 3812 1626 3877 afferentia.
1669 3814 1706 3877 ln
1729 3811 1846 3901 quibus
1868 3811 2007 3877 uidimus
2027 3814 2127 3878 multa
2148 3814 2268 3879 casalia

606 3940 638 3994 et
659 3927 804 4011 cenobia,
824 3950 957 4015 quorum
979 3930 1109 3992 nomina
1130 3926 1208 3991 mihi
1223 3926 1433 4011 contignata,
1457 3924 1622 3992 destructa
1639 3940 1670 3993 et
1685 3928 1839 4011 desolata,
1863 3929 2026 4016 inquibus
2046 3928 2190 4015 religiosi
2209 3932 2270 3996 uiri

605 4065 709 4132 prope
731 4066 822 4109 suam
843 4054 979 4107 matrem
1001 4041 1202 4109 habitabant.

572 4148 587 4265 ἑ
728 4160 767 4225 V.
809 4160 912 4247 Igitur
939 4158 1006 4225 sole
1028 4160 1149 4223 oriente
1172 4156 1358 4221 desiderata
1380 4154 1434 4221 illo
1455 4158 1659 4225 Hierusalem
1688 4170 1799 4226 nostro
1822 4160 1969 4247 aspectui
1990 4160 2163 4226 oriebatur.
2206 4160 2270 4227 Ubi

604 4287 694 4342 tauto
719 4277 860 4363 perculsi
889 4298 997 4339 sumus
1025 4272 1144 4360 gaudio
1173 4284 1204 4337 et
1232 4271 1466 4355 admiratione,
1494 4286 1527 4339 ut
1554 4276 1656 4341 eciam
1690 4276 1777 4341 illam
1805 4276 1953 4341 celestem
1975 4275 2179 4341 Hierusalem
2209 4298 2266 4343 uos

571 4392 717 4462 tuidcre
745 4403 941 4479 putaremus.
984 4389 1036 4455 Ad
1066 4411 1163 4476 quam
1189 4387 1381 4453 accedentes
1409 4392 1531 4455 curiam
1562 4390 1724 4477 quandam
1753 4394 1845 4457 iuxta
1873 4414 1981 4457 muros
2010 4394 2150 4457 ciuitatis
2174 4394 2268 4458 sitam

570 4529 584 4577 r
604 4508 727 4573 intrare
748 4507 1031 4597 compellebamur.
1065 4506 1104 4570 Iu
1124 4504 1186 4569 hoo
1207 4504 1277 4570 loco
1291 4506 1353 4570 suit
1368 4506 1600 4593 martyrizatus
1620 4507 1734 4573 beatus
1750 4508 1944 4594 Stephanus,
1967 4508 2000 4571 in
2017 4512 2106 4573 cuius
2120 4507 2271 4583 honoret

672 4672 700 4741 a)
718 4671 768 4726 Ed.
790 4688 830 4741 pr.
854 4676 918 4741 post
939 4688 966 4727 v.
988 4676 1148 4739 treugarum
1172 4668 1288 4723 incisum
1317 4669 1405 4739 ponit.
1439 4670 1492 4725 Sed
1511 4688 1534 4725 v.
1559 4680 1623 4725 sect.
1644 4678 1682 4727 to.
1709 4703 1741 4711 -
1763 4670 1792 4737 b)
1810 4672 1986 4725 rassermis
2009 4679 2109 4725 terram
2131 4678 2159 4725 ct
2175 4672 2271 4727 deinde

735 4756 948 4825 peragrariniter
965 4754 1084 4807 Romam
1101 4751 1190 4807 Bao.
1219 4752 1298 4817 Quae
1315 4752 1489 4807 coneximus.
1505 4784 1535 4793 -
1554 4758 1580 4821 c)
1598 4755 1751 4825 Grapso-ius
1770 4754 1854 4809 BEd.
1868 4784 1899 4795 -
1917 4755 1945 4815 0)
1965 4756 2227 4824 Samorpederomrm
2242 4756 2270 4811 B.

738 4838 1017 4907 Sernorpederommra
1034 4836 1085 4891 Ed.
1101 4866 1134 4875 —
1152 4840 1178 4906 e)
1197 4837 1303 4889 Meua
1319 4834 1404 4891 BEd.
1422 4866 1447 4875 —
1467 4836 1493 4908 f)
1511 4838 1639 4891 bonorem
1657 4837 1706 4891 Ed.

666 5012 737 5083 200)
756 5009 864 5084 Araim]
884 5017 943 5067 ant.
964 5008 1131 5087 Apollonia,
1152 5026 1208 5066 rec.
1229 5007 1330 5069 amus.
1461 5018 1578 5067 auctore
1600 5006 1777 5087 Burchardo,
1798 5009 1845 5089 qui
1871 5028 1899 5088 p.
1921 5012 1958 5069 ³8
1983 5006 2018 5079 V,
2042 5012 2058 5067 2
2082 5010 2179 5069 casale
2199 5008 2271 5068 San·

669 5128 740 5197 201)
763 5126 821 5196 Ias
836 5158 876 5167 -
892 5123 1097 5199 perdiderunt}
1125 5121 1240 5201 Ioppe„
1272 5121 1418 5181 christiani
1459 5126 1531 5183 geor
1552 5117 1765 5167 commemorat.
1801 5107 1923 5166 Rumam
1943 5108 2029 5167 etism
2046 5106 2200 5166 Romulum
2223 5126 2272 5165 no·

606 5220 794 5301 perdiderunt
814 5241 892 5280 111110
918 5227 1005 5284 1191,
1048 5220 1393 5293 v‚wssk0n1v‚425,
1460 5206 1561 5263 minari
1588 5216 1709 5267 constat.
1751 5208 1812 5266 San
1833 5208 1919 5283 lorge
1946 5216 1990 5265 ast
2017 5206 2160 5283 Francog.
2189 5204 2273 5265 Saint

668 5341 738 5409 202)
760 5357 855 5413 gum
877 5336 993 5412 tactam]
1017 5346 1085 5396 segg
1109 5342 1134 5397 7·
1460 5302 1587 5381 Georgo.
1641 5304 1687 5367 Of.
1721 5304 1834 5364 'I’obler
1864 5304 2060 5365 Denkbliitter
2095 5326 2121 5384 p.
2153 5307 2210 5366 588
2244 5318 2271 5366 at

1460 5401 1581 5462 Toblcri
1604 5414 1701 5464 notam
1723 5426 1752 5483 p.
1777 5410 1843 5465 100.

1078 5568 1112 5581 „
1363 5569 1369 5582 ¹
1525 5506 1596 5577 207)
1617 5504 1780 5581 requiescit]
1802 5502 1838 5563 V.
1859 5502 1953 5563 Rittsr
1973 5501 2059 5564 XVI.
2083 5508 2148 5565 551.

668 5573 739 5639 204)
753 5568 902 5645 fluentem]
930 5567 977 5625 De
1006 5568 1131 5647 planiore
1153 5565 1247 5627 Saron
1275 5567 1419 5627 uberrima
1524 5606 1594 5671 203)
1616 5606 1713 5662 Rama
1741 5604 1830 5662 Iudae
1849 5636 1890 5645 .-
1914 5602 2114 5679 experiemini]
2145 5600 2172 5659 Α
2194 5601 2271 5661 Rau·

604 5688 664 5727 ¹¹⁰¹¹
686 5677 731 5727 ⁰⁸2
751 5665 830 5747 (1¹¹⁰d
851 5666 954 5727 diam·
1460 5720 1539 5761 mero
1562 5700 1678 5781 quidem
1700 5722 1729 5781 p.
1757 5706 1826 5773 197,
1848 5722 1867 5759 a
1888 5700 2076 5773 Wilbrando,
2097 5701 2178 5759 cuius
2199 5701 2273 5761 libor

668 5787 740 5855 205)
761 5782 897 5858 Rumam]
920 5801 976 5842 ¹0⁰·
996 5780 1130 5839 Rffllflh·
1459 5800 1607 5859 mutilatus
1629 5808 1682 5871 est,
1705 5820 1763 5858 uon
1787 5800 1964 5879 expedimur.

665 5900 737 5969 206)
760 5898 825 5954 San
852 5897 939 5973 lorge
969 5900 1004 5955 de
1024 5896 1158 5971 Romule]
1188 5895 1273 5955 Haec
1305 5918 1341 5957 ex
1369 5896 1418 5956 de·
1520 5901 1591 5971 209)
1607 5898 1798 5975 Bettcnobele]
1814 5919 1870 5959 rec.
1887 5898 1951 5957 Bait
1963 5918 1985 5955 s.
1999 5898 2054 5955 Bbt
2067 5897 2163 5970 Nuba,
2177 5898 2272 5958 Nobe.

603 5997 733 6077 pravatis
761 5995 898 6056 librorum
930 5994 1133 6073 scriptionibus
1159 5995 1300 6073 expiscati
1318 6008 1418 6055 sumus
1460 5996 1504 6057 of.
1530 5998 1614 6055 Titus
1640 6000 1759 6057 Toblers
1781 5998 1866 6058 dritte
1887 5994 2081 6073 Wauderung
2100 6018 2129 6075 p.
2156 6000 2222 6059 188.

668 5456 740 5528 203)
761 5462 794 5511 ut
814 5473 910 5529 capra
931 5456 1018 5529 plene
1039 5452 1158 5527 scriptor]
1178 5452 1203 5511 1.
1228 5457 1273 5513 19.
1297 5458 1324 5513 5.
