5284 7042
1176 739 1195 800 7

478 915 591 982 Codex
614 915 874 982 vratislam'ensis
904 917 1017 982 tertius
1040 917 1114 985 thJ
1141 916 1342 997 chartaceus,
1363 919 1485 982 sormac
1511 917 1579 982 ioiii
1602 917 1746 991 minoris,
1769 917 1915 1002 signatas
1937 917 1960 982 1.
1983 915 2020 981 F.

357 1039 426 1107 277,
450 1033 589 1118 scriptus
612 1045 661 1096 est
683 1055 766 1098 auno
792 1039 884 1111 taes,
914 1041 1015 1096 otest
1036 1031 1251 1098 collectaneus
1272 1031 1422 1098 soliorum
1445 1039 1521 1114 371,
1541 1035 1595 1119 qui
1618 1055 1637 1096 a
1659 1031 1735 1098 t'ulio
1756 1031 1831 1098 inde
1852 1032 1899 1099 lv
1921 1055 2022 1120 nsque

354 1149 396 1212 ud
419 1147 450 1214 X
472 1147 614 1214 continet
635 1146 823 1214 Tractatum
846 1147 993 1213 deterre
1015 1159 1136 1214 sancta.
1178 1149 1214 1214 Iu
1238 1149 1334 1214 dorso
1354 1149 1513 1214 involucri
1530 1147 1666 1232 legitur:
1694 1155 1858 1214 Tractatio
1877 1154 1913 1212 de
1935 1171 2024 1212 cruce

363 1267 488 1326 Itumim'.

477 1379 528 1446 Dc
551 1381 611 1446 hoc
643 1379 769 1460 codice,
800 1379 875 1444 olim
904 1379 1131 1444 canonicorum
1155 1381 1265 1445 Sancti
1287 1379 1461 1466 Augustini
1484 1381 1736 1465 Sagnneminm,
1764 1379 1844 1444 baec
1871 1377 2022 1464 leguntur

356 1498 387 1560 iu
409 1494 493 1562 libro
515 1495 692 1582 inscripto:
716 1495 812 1560 Perta
832 1495 957 1560 Archiv
979 1495 1027 1560 xl
1049 1503 1108 1562 700
1133 1507 1227 1560 extu:
1257 1501 1326 1562 277.
1348 1495 1396 1560 ch.
1417 1497 1438 1560 s.
1460 1503 1487 1563 t.
1510 1495 1637 1560 Fratris
1652 1494 1834 1560 Barchardi
1856 1495 1897 1560 dc
1909 1494 2021 1560 Monte

355 1613 432 1676 Sion
455 1623 614 1678 tractatus
636 1609 678 1676 de
700 1609 804 1676 Terra
825 1609 954 1676 Sancta.
990 1609 1054 1674 Hic
1076 1633 1158 1696 quae
1179 1611 1273 1678 nobis
1302 1633 1324 1676 a
1344 1609 1422 1676 t'oiio
1443 1613 1566 1676 minora
1587 1610 1784 1698 appellanda
1803 1633 1874 1674 csse
1895 1609 2023 1676 videtin

355 1727 459 1792 forma
477 1729 685 1814 quaternaria
708 1725 834 1791 dicitur.

476 1842 594 1930 Incipit
616 1843 666 1908 Vc
697 1843 779 1908 sicut
803 1841 854 1906 Va
884 1853 915 1906 ct
935 1839 1004 1922 Vb,
1031 1841 1155 1906 finitur:
1183 1865 1246 1904 curu
1268 1847 1341 1904 luna
1362 1857 1511 1905 crescente
1532 1847 1654 1920 crescit,
1677 1865 1741 1904 curu
1769 1848 1953 1906 decrescente
1973 1847 2023 1905 de·

352 1963 458 2020 crescit
478 1969 538 2024 eie.

476 2071 539 2138 iiic
561 2094 689 2162 quoque
711 2071 814 2138 codex
838 2071 913 2138 oiim
936 2072 1163 2138 canonicorum
1187 2075 1218 2138 S.
1240 2073 1415 2160 Augustini
1436 2077 1665 2160 auganensium
1687 2075 1786 2140 tuisse
1806 2073 1954 2139 traditur.

475 2187 565 2254 llaec
598 2185 756 2254 habebam
785 2209 868 2275 quac
898 2185 938 2252 da
967 2185 1133 2253 codicibus
1168 2211 1188 2252 a
1210 2211 1260 2252 mc
1282 2191 1421 2255 aversaris
1443 2206 1474 2255 ct
1495 2190 1670 2276 descriptis
1692 2187 1841 2254 dicerem.
1883 2190 1952 2255 lam
1973 2211 2022 2254 re·

354 2305 493 2368 tiramus
516 2303 557 2370 de
578 2303 651 2370 aliis
673 2301 764 2369 libris
785 2304 1014 2390 manuscriptis
1036 2303 1217 2370 Burchardi
1240 2304 1280 2369 dc
1307 2305 1416 2370 biontc
1438 2306 1525 2372 Sion.
1565 2308 1656 2388 Quos
1678 2305 1885 2393 alphabetico
1907 2303 2022 2370 ordine

351 2417 579 2506 disposuimus.

974 2573 1001 2634 6.
1029 2584 1147 2632 consa
1172 2586 1396 2636 sassassuus.

474 2699 639 2766 (tustanus
662 2699 785 2764 iiaenci
807 2701 839 2766 in
860 2697 942 2764 libro
964 2699 1120 2786 inscripto
1142 2697 1290 2788 Catalogi
1312 2700 1467 2768 librorum
1487 2727 1563 2768 mss.
1585 2703 1640 2790 qui
1661 2703 1695 2768 in
1709 2700 1921 2766 Bibliothocis
1944 2698 2020 2764 Gal·

350 2817 421 2887 bae.
444 2815 613 2882 Helvetiae
634 2852 675 2864 -
698 2827 916 2898 asservantur,
939 2837 959 2880 a
981 2813 1038 2880 cul.
1060 2817 1120 2882 553
1142 2814 1221 2880 baec
1243 2815 1361 2882 tradit:

516 2933 555 2998 A.
580 2931 617 2998 V.
644 2929 831 3000 17.Torrae
855 2931 994 2996 Sanctae
1015 2931 1200 3019 descriptio,
1224 2933 1310 2998 sacta
1332 2933 1375 2997 sb
1397 2956 1445 3014 eo,
1465 2935 1520 3021 qni
1542 2955 1613 3000 eam
1634 2931 1873 3020 perambulavit
1895 2947 1926 2998 et
1947 2955 2021 3021 pcr-

518 3049 635 3135 spcxit,
658 3062 692 3112 nt
714 3049 784 3135 ipse
806 3057 958 3128 testatum
980 3045 1033 3110 iol.

475 3161 534 3228 Est
555 3165 586 3228 iu
608 3161 811 3228 Bibliotheca
833 3161 964 3251 publica
984 3161 1171 3226 Basilccnsi.
1215 3163 1278 3228 Hic
1299 3175 1349 3230 est
1372 3165 1488 3246 codex,
1509 3187 1604 3252 quern
1627 3162 1856 3228 Beckmannus
1884 3185 1958 3250 pag.
1980 3167 2021 3230 42

354 3282 398 3344 ita
420 3277 592 3346 describit:

518 3395 690 3483 inscriptio
712 3405 778 3460 est:
805 3392 905 3458 Liber
927 3391 967 3458 ds
988 3393 1200 3481 dispositione
1221 3405 1327 3460 terrac
1348 3419 1374 3460 s.
1396 3397 1538 3460 civitatis
1557 3393 1733 3460 Ierusalem
1763 3405 1795 3458 ct
1816 3393 1953 3458 aliorum
1976 3391 2021 3458 lo·

519 3533 640 3583 curum,
661 3509 766 3574 editus
786 3531 844 3596 per
865 3507 1046 3596 quomdam,
1069 3511 1122 3598 qui
1146 3509 1246 3574 acidis
1267 3513 1335 3576 suis
1355 3511 1447 3577 vidit.
1485 3511 1608 3576 Auctor
1627 3533 1692 3574 non
1712 3511 1908 3576 nominatur.
1943 3507 2020 3573 Pro

516 3625 609 3712 iogus
632 3627 678 3691 sic
700 3627 829 3714 incipit:
859 3625 940 3690 Cum
965 3627 998 3690 in
1020 3623 1183 3690 veteribus
1206 3625 1410 3692 historiis-
1431 3628 1477 3691 nti
1499 3627 1532 3691 in
1556 3627 1733 3692 oxoniensi.
1775 3627 1867 3692 Finis
1888 3641 1952 3690 est:
1978 3623 2021 3690 Et

517 3755 589 3828 post
614 3741 682 3808 dics
705 3739 826 3830 aliquot
848 3739 923 3808 inde
945 3742 1104 3826 navigans
1126 3777 1166 3787 -
1181 3777 1218 3788 -
1244 3743 1276 3806 in
1293 3742 1354 3808 bac
1368 3745 1465 3808 ctiam
1483 3754 1596 3830 postea
1611 3741 1776 3830 lapidatus
1795 3757 1844 3806 cst
1857 3741 2012 3806 ieremias

480 3859 591 3946 Neque
611 3859 748 3922 sormam
772 3881 876 3946 noque
899 3855 1039 3921 seculum
1062 3855 1184 3922 codicis
1206 3881 1226 3922 a
1247 3857 1455 3924 Bcckmanno
1477 3857 1620 3924 indicata
1641 3881 1712 3924 csse
1733 3857 1887 3924 dolemus.

475 3975 522 4042 Cf.
546 3973 628 4038 liist
651 3973 696 4038 lit.
719 3973 759 4038 dc
781 3973 812 4038 ia
835 3974 961 4038 Franco
981 3971 1063 4036 xxi
1086 3977 1154 4040 204.

993 4141 1018 4202 7.
1047 4155 1164 4204 cerusa
1186 4158 1384 4208 aennensis.

474 4269 586 4338 Codex
608 4269 884 4347 membranaceus,
905 4271 1027 4336 formae
1047 4273 1218 4351 maximae,
1241 4271 1315 4338 oiim
1339 4273 1457 4338 Iacobo
1472 4273 1654 4360 Bongarsio
1675 4273 1775 4338 fuisse
1797 4273 1949 4345 traditur.
1971 4275 2019 4339 ni·

354 4387 421 4452 tide
448 4391 588 4474 scriptus
617 4401 673 4450 cst.
716 4385 768 4452 Dc
798 4409 860 4474 (μω
894 4409 922 4450 v.
945 4385 1062 4452 Sinum
1084 4387 1186 4456 Catai.
1216 4413 1291 4454 mss.
1318 4388 1401 4454 iiibi.
1423 4387 1518 4454 Bern.
1548 4394 1635 4456 tates.
1664 4389 1702 4454 T.
1721 4387 1753 4454 ll
1775 4411 1806 4476 p.
1828 4393 1876 4456 no.
1919 4389 2021 4456 (nnus

350 4503 573 4594 apographum
599 4527 658 4592 pro
687 4527 726 4568 ea
755 4525 818 4590 qua
845 4519 892 4566 ost
920 4501 1113 4568 iiberalitate
1140 4527 1264 4570 mecum
1293 4506 1543 4570 communicavit
1569 4504 1665 4570 Titus
1691 4503 1821 4570 Toblcr.
1863 4507 2018 4588 Signatus

352 4636 399 4684 cst
422 4619 502 4687 cod.
524 4619 620 4685 Earn.
642 4627 690 4686 so.
732 4617 920 4704 Descriptio
950 4631 1056 4684 tarrac
1082 4637 1221 4686 sanctae.
1264 4619 1380 4685 Scordo
1401 4620 1466 4686 ΧΗ
1493 4643 1603 4686 errore
1631 4621 1806 4686 ascribitur
1832 4643 1853 4684 a
1875 4623 2020 4686 Sinncro.

354 4735 388 4799 Υ.
413 4733 534 4800 Toblcr
556 4735 698 4821 Topogr.
726 4756 757 4798 v.
779 4733 878 4798 larus.
900 4734 924 4798 i.
947 4757 978 4820 p.
1000 4733 1107 4798 XXV.
1129 4771 1167 4782 —
1197 4737 1233 4800 ln
1255 4737 1398 4800 ciusdem
1419 4736 1503 4802 iibro
1525 4735 1740 4826 Siloabqnelic
1762 4760 1793 4824 p.
1814 4743 1842 4802 5.
1864 4759 2020 4802 memora·

348 4869 400 4916 tur
421 4849 646 4938 apographum
668 4849 747 4916 iliud
768 4849 855 4938 quod
876 4847 1076 4916 contulimus.

473 4967 538 5049 Qui
561 4965 644 5033 liber
666 4989 860 5056 quamquam
879 4967 1093 5052 fragmentum
1116 4981 1240 5031 tantum
1263 4969 1420 5047 continet,
1450 4982 1556 5034 tamen
1577 4991 1642 5033 nou
1663 4969 1733 5032 sinc
1754 4967 1858 5054 pretio
1880 4989 1951 5030 csse
1973 4968 2019 5030 vi·

350 5085 458 5166 detur,
488 5105 586 5174 quum
616 5081 710 5148 bonis
739 5081 969 5168 scriptionibus
990 5103 1053 5146 non
1074 5095 1191 5148 carcat.
1233 5081 1270 5148 ln
1292 5084 1477 5150 uuiversum
1500 5101 1607 5150 tamen
1629 5099 1660 5148 ct
1680 5105 1702 5148 a
1728 5099 1840 5148 nostra
1861 5098 1892 5147 ct
1915 5105 1935 5146 s
1956 5081 2020 5148 Cs-

350 5203 424 5266 nisii
446 5198 643 5266 editionibus
667 5197 783 5262 differt
826 5197 976 5264 Continet
998 5219 1080 5284 quac
1100 5197 1272 5264 traduntur
1294 5199 1456 5286 capitibus
1472 5199 1517 5266 i'l
1537 5223 1606 5288 sqq.
1628 5216 1757 5264 nocuae
1778 5197 1854 5263 edit

912 5369 939 5432 s.
960 5365 988 5426 9.
1010 5380 1156 5428 corneus
1178 5381 1457 5433 ssaussnsusss.

471 5499 563 5566 Duos
581 5493 763 5564 Burcbardi
787 5491 889 5558 libros
910 5517 998 5576 mss,
1021 5495 1046 5559 si
1070 5497 1213 5580 sequaris
1229 5494 1393 5562 Victorem
1408 5497 1571 5564 Clericum
1606 5495 1689 5560 llist.
1711 5493 1758 5561 lit.
1780 5493 1821 5558 dc
1842 5495 1874 5560 ia
1892 5495 2018 5560 Francc

351 5613 432 5682 XXI
452 5621 533 5696 atra,
556 5613 700 5704 possidet
722 5609 924 5678 Bibliotheca
946 5611 1037 5696 regis
1058 5611 1295 5685 Bruxeliensis.
1317 5611 1453 5678 altorum
1475 5608 1882 5690 numerumnunerum
1917 5609 2015 5674 secali

349 5731 424 5803 XV)
446 5755 578 5798 numero
601 5733 660 5796 tao
683 5727 880 5809 insignitam.

968 5879 1011 5942 to.
1033 5893 1150 5942 consa
1171 5893 1406 5944 canonensis.

475 6011 525 6076 De
546 6033 611 6098 quo
633 6033 662 6078 r.
685 6007 874 6074 Bcckmann
898 6031 927 6096 p.
949 6015 999 6078 42.
