5284 7042
1424 734 1479 797 134

606 908 889 973 commendacione
917 931 974 973 sue
1001 907 1084 994 legis
1111 918 1143 973 et
1170 911 1219 973 sui
1248 910 1413 997 prophete.
1459 910 1573 977 Nullus
1602 934 1752 999 vmqnam
1780 912 1906 978 deridet
1931 912 2047 994 alium,
2074 914 2125 979 vel
2149 914 2212 981 sibi
2226 918 2283 983 ¹⁹²!

608 1023 768 1104 detrahit,
792 1023 844 1089 vel
867 1026 974 1110 ipsum
996 1028 1151 1110 increpat

942 1222 1099 1287 XXVlll.
1138 1223 1201 1288 DE
1222 1223 1558 1289 AFFABILITATE
1579 1226 1643 1291 AD
1665 1226 1948 1293 EXTRANEOS.

576 1384 586 1433 t
729 1370 964 1435 Affabilitatem
991 1382 1023 1435 et
1051 1370 1267 1437 vrbanitatem
1294 1384 1418 1437 tantam
1448 1380 1579 1437 seruant
1600 1396 1713 1439 versus
1736 1386 1926 1458 extraneos,
1956 1374 2042 1461 qnod
2065 1399 2123 1442 nos
2146 1380 2284 1466 recipie-

572 1488 687 1552 tbant
706 1499 743 1550 vt
764 1486 905 1571 angelos.
950 1487 1090 1567 Quando
1112 1498 1219 1551 autem
1239 1488 1428 1553 volebamus
1448 1492 1569 1553 intrare
1592 1488 1705 1555 domos
1728 1489 1885 1556 nobilium
1907 1491 1958 1557 vel
1981 1493 2180 1578 sapientum,
2209 1518 2281 1559 cum

604 1615 697 1668 tanta
717 1602 826 1666 leticia
847 1626 905 1665 nos
927 1602 1137 1689 recipiebant,
1158 1603 1246 1687 qued
1267 1604 1440 1669 videbatur
1461 1604 1555 1668 nobie
1577 1605 1779 1692 frequenter,
1802 1607 1888 1693 qnod
1910 1608 2147 1674 inuenissemus
2171 1610 2280 1698 hospi-

572 1731 654 1784 3tes
676 1718 809 1783 ordinis.
850 1716 903 1781 Illi
925 1730 1044 1799 autem,
1066 1722 1121 1802 qui
1141 1718 1280 1783 libenter
1302 1720 1462 1807 rccipiunt
1483 1721 1601 1783 fratres
1622 1720 1747 1785 ordinis
1768 1723 1803 1785 in
1825 1721 1972 1789 domibus
1997 1726 2074 1807 suis,
2097 1726 2281 1813 frequenter

606 1836 710 1899 eciam
736 1833 877 1917 quadam
906 1832 1090 1898 vrbanitate
1117 1844 1149 1898 et
1169 1834 1391 1900 familiaritate
1414 1835 1586 1923 petebant,
1617 1836 1704 1925 quod
1724 1836 1849 1921 aliquid
1871 1838 2051 1904 diceremus
2074 1840 2115 1905 de
2135 1841 2208 1907 Deo
2231 1842 2282 1907 vol

572 1950 649 2017 tad
670 1949 987 2015 commendacionem
1008 1949 1139 2015 Christi.
1182 1950 1227 2015 Et
1249 1951 1378 2036 qnando
1400 1974 1509 2017 coram
1538 1950 1632 2017 nobis
1661 1953 1872 2018 nominabant
1891 1953 2073 2038 Christum,
2105 1978 2281 2047 numquam

607 2064 820 2132 nominabant
838 2087 911 2129 eum
934 2066 998 2128 nisi
1018 2087 1091 2129 cum
1113 2066 1214 2151 digna
1227 2065 1333 2149 laude,
1355 2066 1492 2133 scilicet:
1513 2068 1684 2149 „Christus
1699 2066 1847 2132 laudetur
1867 2070 1980 2155 ipsel“
2001 2069 2053 2134 vel
2068 2070 2192 2157 aliquid
2208 2075 2284 2141 tale.

572 2150 588 2265 Ξ
733 2182 839 2245 Vnum
868 2183 970 2245 eciam
999 2180 1095 2246 valde
1125 2184 1272 2267 grauiter
1301 2182 1464 2265 serebant,
1493 2184 1579 2271 quod
1610 2181 1798 2249 nolebamus
1828 2187 1968 2249 cumeis
1992 2186 2170 2253 comedere.
2211 2190 2280 2278 Ipsi

607 2303 692 2363 onim
714 2297 888 2362 sarraceni
914 2298 1023 2361 statim
1052 2308 1171 2384 parant
1201 2297 1325 2382 aliquid
1347 2296 1389 2362 ad
1413 2298 1663 2379 comedendum,
1694 2322 1767 2363 cum
1791 2298 1833 2363 ab
1855 2311 2010 2366 extraneo
2031 2302 2220 2388 visitantur,
2250 2318 2282 2371 et

575 2428 588 2475 t
607 2416 749 2480 maxime
770 2412 913 2493 Arabes,
934 2413 989 2498 qui
1012 2422 1085 2476 suut
1105 2414 1189 2477 inter
1211 2414 1293 2477 alios
1314 2416 1513 2480 Sarracenos
1535 2414 1670 2479 nobiles.
1713 2414 1894 2502 Numquam
1916 2438 1993 2481 vero
2013 2415 2158 2483 lederent
2179 2416 2274 2484 homi·

574 2538 695 2613 tnem,
722 2532 777 2615 qui
807 2551 918 2593 secure
951 2531 1042 2615 ponit
1071 2552 1105 2591 se
1135 2527 1178 2592 ad
1204 2530 1437 2595 comedendum
1468 2554 1539 2595 eum
1561 2533 1607 2595 eis
1627 2531 1791 2597 inuitatus.
1833 2531 1972 2614 Dicunt,
2002 2533 2088 2620 quod
2109 2546 2158 2599 est
2179 2536 2279 2601 frater

607 2650 692 2730 eius,
723 2646 799 2732 qnia
828 2644 967 2709 comedit
992 2667 1065 2707 cum
1095 2668 1132 2709 eo
1164 2668 1281 2731 panem
1308 2660 1340 2711 et
1367 2647 1484 2728 selem,
1513 2658 1545 2711 et
1566 2656 1680 2735 postea
1702 2645 1845 2711 defendit
1865 2670 1937 2713 eum
1958 2648 2000 2714 ab
2024 2648 2173 2715 omnibus
2196 2650 2277 2726 aliis,

608 2763 741 2827 eciamsi
762 2760 935 2824 occidisset
956 2773 1081 2846 patrem
1104 2783 1205 2823 sumn.

987 2956 1113 3023 XXIX.
1156 2958 1219 3024 DE
1242 2959 1504 3026 CONCORDIA
1526 2959 1897 3027 SARRACENORUM.

576 3117 586 3166 1
729 3106 948 3173 Concordiam
978 3128 1055 3171 vero
1085 3119 1116 3172 et
1146 3130 1287 3173 amorem
1309 3110 1356 3173 ita
1378 3110 1525 3175 nutriunt
1544 3108 1741 3191 adinuicem,
1771 3119 1806 3173 vt
1834 3132 1909 3174 vere
1930 3110 2101 3176 videantur
2124 3134 2194 3177 esse
2214 3114 2275 3178 tia-

573 3234 682 3292 ttres.
726 3224 808 3287 Nam
837 3224 941 3287 eciam
971 3222 1132 3308 loquendo
1153 3224 1334 3289 adinuicem
1358 3228 1498 3289 maxime
1521 3225 1563 3289 ad
1585 3236 1773 3308 extraneos,
1806 3224 1885 3289 dicit
1912 3248 1992 3289 vuus
2016 3225 2126 3291 alteri:
2158 3229 2209 3311 „0
2231 3228 2276 3292 lili

606 3341 720 3405 matris
742 3339 857 3403 mee!“
877 3339 947 3424 lpsi
968 3340 1071 3402 eciam
1092 3362 1151 3403 nec
1172 3340 1323 3405 occidunt
1345 3363 1379 3403 se
1403 3340 1584 3405 adinuicenr
1609 3362 1668 3405 nec
1691 3340 1858 3429 expoliant
1877 3344 1946 3422 ¹⁹³),
1976 3342 2031 3405 sed
2054 3340 2148 3407 homo
2173 3366 2274 3409 sarro-

574 3469 704 3520 3cenus
735 3456 939 3519 securissime
970 3458 1085 3518 transit
1112 3458 1197 3520 inter
1226 3478 1445 3545 quoscumque
1475 3468 1646 3523 extraneos
1675 3468 1706 3520 et
1734 3455 1891 3521 barbaros
1923 3478 2112 3523 sarracenos
2173 3462 2276 3525 Semel

607 3570 768 3635 Soldanun
788 3568 957 3634 Babilonie
980 3572 1069 3635 misit
1092 3571 1131 3635 de
1153 3572 1275 3659 Egipto
1297 3572 1431 3637 militem
1454 3571 1664 3637 sibitidclem
1686 3572 1719 3635 in
1741 3571 1880 3657 Syriam,
1905 3582 1940 3635 vt
1960 3572 2007 3636 ibi
2027 3583 2113 3637 esset
2133 3576 2273 3640 vicarius

573 3689 676 3750 teins
698 3701 729 3750 et
746 3684 942 3771 gubernaret
962 3690 1166 3773 prouinciam
1186 3700 1219 3752 et
1240 3690 1382 3753 mitteret
1404 3690 1434 3752 ei
1455 3687 1576 3753 tributa
1599 3690 1775 3773 prouincia
1819 3686 1884 3765 Qui
1906 3689 2013 3751 statim
2035 3690 2068 3751 in
2092 3688 2276 3777 superbiam

574 3801 709 3866 solatus
730 3800 898 3865 rebellauit
919 3803 1075 3867 aduersus
1098 3803 1260 3869 dominum
1282 3827 1374 3869 sunm
1398 3801 1582 3877 soldanum,
1603 3815 1634 3867 et
1655 3814 1723 3867 tota
1744 3802 1913 3890 prouincia
1933 3804 1989 3867 illa
2011 3827 2084 3869 enm
2106 3830 2152 3873 co.
2196 3806 2276 3871 'Pur-

606 3917 701 3981 batus
724 3915 884 3980 Soldanus
917 3918 1006 3981 misit
1031 3934 1142 3983 contra
1168 3943 1241 3985 cum
1269 3922 1446 3985 niaximum
1477 3920 1670 3999 exercitum,
1702 3929 1734 3983 et
1761 3919 1852 3983 miles
1880 3919 2018 3984 infidelis
2041 3943 2082 3985 ex
2105 3934 2279 4009 partesue

573 4035 709 4101 seciam
741 4037 953 4119 cougreganit
984 4057 1137 4119 magnum
1166 4038 1351 4100 exercitum.
1393 4036 1437 4099 Et
1467 4058 1538 4099 cunr
1561 4046 1669 4099 essent
1689 4038 1722 4099 in
1743 4058 1858 4121 campo
1881 4034 2071 4099 altrinsecus
2093 4038 2279 4103 imminente

607 4172 718 4236 pugna
741 4148 893 4213 dixerunt
914 4148 1115 4215 adinuicem:
1143 4152 1278 4233 „Nonne
1301 4175 1410 4216 sumus
1432 4174 1542 4216 omnes
1566 4150 1762 4216 Sarraceni?
1785 4174 1931 4237 pugnare
1954 4152 2133 4217 adinuiceru
2156 4176 2221 4219 nou
2242 4153 2278 4219 li·

574 4254 587 4302 7

573 4280 665 4370 8etet.
709 4264 898 4349 Accipiatur
920 4265 974 4329 ille
997 4265 1102 4349 solue,
1124 4269 1179 4353 qni
1201 4266 1373 4331 rebellauit
1396 4266 1525 4331 domino
1547 4289 1618 4349 suo,
1651 4278 1681 4331 et
1703 4268 1803 4332 simus
1825 4290 1935 4333 omnes
1958 4270 1992 4332 in
2012 4270 2124 4354 paoe.“
2165 4269 2210 4333 Et
2232 4270 2278 4334 sle

608 4384 716 4447 statim
744 4383 830 4444 l'acta
858 4404 939 4467 pace
972 4396 1004 4446 et
1031 4405 1157 4447 summa
1177 4382 1409 4467 tranquillitate
1432 4380 1472 4447 de
1494 4394 1582 4448 tanto
1604 4384 1749 4447 exercitu
1771 4405 1853 4447 vnus
1876 4381 1962 4447 solos
1985 4387 2109 4449 occisus
2131 4388 2276 4449 moritur.

574 4508 589 4556 9
609 4497 702 4561 Vnde
724 4496 785 4577 illi,
812 4498 866 4582 qni
889 4497 1011 4563 habent
1031 4497 1137 4583 legem
1160 4500 1331 4563 occisionis
1352 4510 1384 4563 et
1406 4500 1535 4581 mortis,
1567 4498 1680 4563 nolunt
1702 4521 1736 4562 se
1757 4501 1895 4563 inuicem
1918 4500 2065 4565 occidere
2076 4550 2085 4582 ,
2115 4512 2146 4564 et
2168 4504 2278 4567 miseri

608 4613 795 4688 Christiani,
816 4613 872 4696 qni
891 4612 1011 4679 habent
1032 4613 1137 4700 legem
1161 4618 1227 4680 vite
1248 4626 1280 4679 et
1303 4614 1458 4679 mandata
1478 4616 1569 4701 pacis
1593 4628 1624 4679 et
1646 4614 1836 4697 dilectionis,
1859 4638 1893 4679 se
1916 4619 2055 4681 inuicem
2077 4619 2145 4681 sine
2168 4618 2276 4705 aliqua

560 4742 588 4789 10
606 4729 819 4794 miseracione
842 4728 999 4794 occidunt.
1044 4732 1079 4794 Si
1101 4744 1206 4795 autern
1229 4731 1429 4795 Sarrareuus
1450 4732 1577 4795 occidat
1597 4731 1694 4796 alium
1717 4736 1931 4796 Sarracenmn
1954 4755 2030 4797 cusu
2053 4746 2108 4797 aut
2129 4758 2169 4798 ex
2191 4746 2277 4801 certa

607 4845 750 4924 malicia,
777 4841 863 4906 filius
896 4843 947 4908 vel
980 4846 1080 4911 frater
1102 4850 1201 4911 occisi
1229 4870 1304 4913 raro
1326 4850 1452 4933 expetit
1478 4847 1670 4928 vindictam,
1697 4856 1728 4911 et
1758 4860 1893 4931 surgunt
1922 4850 2017 4913 amici
2040 4871 2225 4915 communes
2247 4864 2278 4915 et

607 4968 812 5047 componunt,
835 4969 866 5021 et
888 4962 1054 5048 accipiunt
1075 4966 1248 5027 occisorem
1272 4973 1303 5027 ct
1326 4962 1446 5027 ducunt
1469 4986 1541 5063 eum
1565 4964 1730 5049 captiuum
1751 4962 1792 5025 ad
1813 4961 1912 5027 filiunt
1936 4963 1987 5027 vel
2011 4966 2143 5029 tratrem
2167 4970 2276 5050 occisi,

607 5078 662 5162 qui
690 5072 939 5161 apprehendens
960 5100 1031 5141 eum
1054 5078 1143 5143 ducit
1164 5080 1207 5143 ad
1226 5080 1435 5161 cimiterium,
1463 5088 1494 5143 et
1516 5078 1595 5143 dicit
1617 5080 1661 5143 ei:
1690 5076 1814 5161 „Filius
1837 5080 1965 5166 quidem
1987 5084 2098 5147 mortis
2121 5106 2170 5166 es,
2201 5090 2277 5173 quia

560 5214 587 5264 ιι
608 5191 756 5257 occidisti
777 5201 903 5275 patrem
924 5214 1039 5274 meum,
1060 5194 1117 5258 sed
1138 5197 1165 5260 si
1187 5208 1219 5261 te
1235 5196 1395 5273 occidero,
1417 5218 1479 5260 non
1495 5194 1656 5259 rehabebo
1671 5204 1805 5280 propter
1820 5194 1880 5259 hoc
1896 5198 2000 5261 surn.“
2031 5197 2075 5262 Et
2090 5198 2196 5263 addit:
2219 5200 2278 5282 „Si

607 5308 727 5373 malurn
749 5318 798 5369 est
818 5305 870 5370 vel
891 5310 968 5389 tirit,
992 5310 1078 5396 quod
1100 5313 1225 5376 occisus
1248 5323 1297 5376 est
1317 5335 1398 5376 vans
1421 5310 1636 5391 Sarracenos,
1666 5312 1756 5395 peius
1779 5322 1844 5392 est,
1867 5313 1952 5397 (quod
1975 5314 2161 5379 occidantur
2182 5316 2278 5383 duo.“

560 5442 590 5491 tt
607 5424 651 5488 Et
680 5422 772 5485 dicit:
800 5428 990 5499 „Iecumtelle
1006 5429 1076 5508 ¹⁹⁴),
1105 5428 1192 5512 quod
1219 5432 1450 5514 interpretatur
1478 5428 1519 5489 sit
1540 5426 1648 5491 Dent
1682 5439 1714 5489 et
1741 5428 1895 5513 proscidit
1927 5432 2063 5495 occisori
2088 5430 2224 5517 capillos
2246 5448 2277 5497 et

560 5561 590 5611 13
608 5539 740 5605 dimittit
761 5560 834 5599 cum
854 5539 887 5601 iu
908 5561 996 5626 pace.
1034 5542 1128 5623 >Quid
1147 5546 1245 5629 igitur
1266 5542 1309 5607 ad
1331 5544 1576 5607 excusacionem
1599 5564 1689 5606 stiam
1712 5540 1831 5607 dicturi
1853 5556 1925 5609 sunt
1944 5545 2130 5630 Christiani,
2152 5551 2207 5633 qui
2229 5548 2276 5614 di·

608 5666 685 5720 cunt
706 5650 850 5716 cottidie:
869 5655 1026 5737 „Dimitte
1047 5660 1141 5725 nobis
1164 5660 1274 5725 debita
1295 5670 1416 5739 nostra,
1440 5660 1522 5722 sicut
1543 5670 1575 5722 et
1596 5682 1654 5725 nos
1676 5656 1918 5723 dirrrittirnns?“

673 5862 741 5930 192)
764 5853 827 5935 siti]
850 5857 921 5933 ei,s
953 5858 990 5917 de
1012 5881 1047 5920 eo
1069 5860 1203 5933 detrahit,
1225 5863 1252 5921 ei
1271 5862 1421 5921 obtrectat.
1527 5880 1596 5948 ¹94)
1618 5878 1673 5951 Est
1694 5880 1772 5939 arab,
1795 5850 1894 5987 Q}
1920 5854 2018 5977 cti-<³
2047 5881 2146 5951 (istun
2165 5884 2278 5957 tilloit)

674 6006 741 6074 193)
764 6002 915 6077 expoliant
937 5998 974 6059 G.
1466 6004 1502 6061 sit
1525 6005 1553 6061 in
1577 6004 1650 6063 Deo.
