5284 7042
1207 722 1264 781 157

520 900 603 987 Cap.
623 888 741 965 wa.
785 895 855 965 111⁰
874 896 1015 965 miliario
1027 900 1084 977 ¹⁸¹)
1111 922 1132 965 a
1152 896 1352 963 iherusalem
1378 897 1465 961 intra
1492 908 1612 963 terram
1634 894 1769 985 pulchra
1789 896 1904 963 ciuitas
1923 908 1973 963 est
1994 900 2100 983 sits,1

388 1014 472 1081 olim
493 1017 627 1081 nomine
646 1020 760 1097 Mara,
788 1012 848 1079 sed
869 1018 948 1077 Bssl
967 1034 1052 1093 nunc
1072 1025 1205 1095 vocata,
1234 1025 1267 1079 et
1292 1014 1326 1079 in
1348 1012 1418 1079 loco
1438 1010 1654 1099 pulcherrimo
1677 1024 1708 1079 et
1730 1010 1913 1079 delectabili
1934 1034 1973 1079 so
1995 1036 2066 1081 sus·

387 1132 535 1195 rsissim
567 1133 700 1211 situata,
729 1140 762 1195 st
789 1152 853 1195 non
881 1128 924 1194 ab
956 1128 1030 1195 aliis
1056 1131 1120 1196 nisi
1146 1152 1167 1195 a
1188 1128 1382 1197 Christianis
1414 1128 1603 1194 inhabitata
1647 1126 1700 1193 Ex
1724 1128 1785 1193 bac
1807 1128 1938 1195 ciuitate
1959 1130 2100 1205 omnin

383 1248 480 1329 rina,
503 1268 568 1333 que
589 1245 768 1313 Christiani
788 1248 822 1311 in
844 1244 1043 1311 [herusalem
1063 1257 1096 1311 et
1115 1247 1149 1311 in
1170 1244 1245 1311 aliis
1264 1244 1345 1311 loeis
1367 1242 1491 1325 bibunt,
1511 1242 1732 1331 deportantur.

524 1362 607 1450 Cap.
627 1360 731 1427 LXV.
773 1360 922 1426 xxnn⁰
947 1358 1087 1427 miliario
1102 1362 1158 1437 1θ’)
1186 1382 1207 1425 a
1232 1360 1335 1449 loppo
1362 1370 1412 1425 est
1443 1364 1573 1423 Cesarea
1604 1360 1736 1441 ciuitas,
1766 1360 1953 1449 metropolis
1973 1360 2097 1431 Pale-1

382 1478 495 1559 stine,
533 1479 596 1543 sits
624 1498 721 1565 super
751 1474 827 1542 litus
856 1478 964 1541 maris.
1012 1474 1085 1557 Qus
1116 1475 1279 1565 quondam
1306 1476 1484 1541 vocabatur
1510 1480 1589 1555 Dor,
1625 1474 1682 1539 sed
1711 1496 1797 1541 nunc
1822 1488 1871 1541 est
1893 1476 2101 1547 deenen

381 1592 494 1657 Hanc
519 1592 682 1659 ciuitatem
703 1591 863 1674 Herodes,
885 1614 944 1657 rex
965 1590 1072 1674 indue,
1094 1592 1264 1680 ampliauit
1284 1602 1317 1657 ot
1337 1591 1380 1657 ad
1401 1590 1557 1657 honorem
1580 1590 1718 1677 Augusti
1740 1590 1871 1657 (locaris
1892 1592 2100 1661 cesaream

379 1709 542 1775 vocaus
582 1708 626 1774 st
653 1711 744 1795 regio
765 1706 932 1773 suessa
960 1708 1081 1795 incipis.
1124 1708 1162 1775 n
1181 1706 1625 1773 monstraremus
1655 1710 1758 1773 sanos
1779 1708 1884 1791 sess,
1917 1692 2100 1807 οᾱῑεωιιξ

379 1824 428 1889 de
465 1824 570 1889 domo
592 1823 750 1905 Cornelii,
777 1846 872 1911 quem
899 1820 1014 1889 Mature
1034 1822 1151 1889 Petrus
1182 1824 1343 1891 conuertit
1363 1834 1395 1889 et
1415 1822 1597 1911 baptisauit
1618 1832 1651 1889 et
1672 1824 1705 1887 in
1726 1824 1914 1911 episcopum
1936 1824 2064 1891 ordina·

380 1942 453 2022 nit3
484 1954 521 2005 et
550 1940 610 2005 luit
635 1940 789 2005 centurio.
830 1936 884 2003 Ex
913 1960 953 2003 sa
978 1938 1039 2003 fuit
1067 1941 1170 2005 eciam
1191 1938 1379 2027 Philippus,
1408 1960 1491 2003 snus
1516 1938 1556 2005 ds
1579 1938 1641 2005 VII
1663 1937 1820 2027 dyaoonis
1847 1941 1887 2007 sb
1908 1940 2099 2027 apostoliae

382 2054 570 2136 ordinatis,
592 2054 716 2120 hebens
737 2064 875 2142 quatuor
896 2052 980 2120 filias
1002 2056 1225 2143 prophetissas
1239 2056 1305 2137 ¹⁸⁹),
1327 2076 1399 2119 cum
1419 2054 1535 2140 quibus
1559 2056 1628 2143 ipse
1650 2054 1794 2143 sepultus
1813 2056 1882 2123 fuit
1920 2054 1964 2120 Et
1985 2054 2064 2121 dioi-
2084 2062 2097 2111 7

384 2187 444 2237 tur
477 2174 611 2235 Cesarea
634 2175 801 2251 Palatino,
832 2181 865 2235 et
895 2192 959 2236 non
980 2168 1134 2258 Philippi.
1176 2170 1240 2237 llio
1265 2168 1428 2259 quondam
1455 2170 1516 2237 fuit
1543 2172 1643 2237 turris
1674 2172 1844 2237 Stratonis.
1885 2170 1922 2235 ln
1951 2192 1990 2235 ea
2017 2153 2100 2271 satg

384 2310 513 2353 carcer
535 2307 635 2374 supra
654 2284 840 2368 ecclesiam,
867 2284 923 2350 vbi
945 2284 1058 2351 bessa
1079 2284 1200 2351 Paulus
1221 2286 1387 2373 spostolus
1407 2285 1504 2371 longo
1527 2298 1671 2374 ternpore
1702 2288 1763 2353 suit
1784 2286 1940 2353 detentus.
1986 2286 2065 2353 Inde
2086 2304 2117 2355 ιο

387 2424 540 2489 pergem
561 2400 706 2481 Romam,
728 2411 918 2466 consecutus
939 2414 989 2467 est
1009 2424 1102 2467 suam
1123 2400 1380 2489 appellscionem
1401 2400 1660 2489 apostolacionis.
1703 2400 1808 2468 Extra
1838 2424 1911 2467 eam
1931 2415 1962 2467 et
1982 2402 2067 2467 iuter
2089 2418 2114 2469 u

388 2530 490 2583 ortos
517 2531 565 2581 est
594 2530 702 2605 petra,
736 2538 798 2605 qus
826 2528 961 2581 vocatur
982 2522 1105 2579 Domini
1124 2522 1226 2580 tetulo
1240 2520 1313 2600 ΙΝ),
1347 2517 1403 2582 vbi
1431 2520 1502 2604 ipse
1530 2540 1601 2581 cum
1628 2516 1797 2605 discipulis
1821 2518 1887 2583 suis
1917 2516 2068 2583 comedit.

391 2634 499 2701 quta
527 2630 616 2699 illam
645 2649 694 2697 est
715 2628 886 2713 cathedra,
916 2654 1013 2718 super
1041 2654 1138 2721 quam
1161 2632 1275 2697 beatiss
1295 2632 1412 2697 Petrus
1443 2631 1609 2719 apostolus
1639 2634 1770 2697 missam
1791 2632 1978 2700 celebrauit.
2023 2632 2066 2697 Et
2087 2614 2119 2734 J}

392 2750 463 2815 ulie
485 2761 553 2813 tres
574 2770 686 2833 grosse
709 2758 809 2834 petre,
829 2770 893 2835 que
912 2748 1041 2813 fuorunt
1061 2747 1259 2813 candelabra
1278 2770 1346 2813 sua.

527 2866 610 2953 Cap.
630 2862 750 2929 val.
792 2862 841 2927 11⁰
862 2860 1001 2929 miliario
1021 2886 1041 2929 a
1061 2864 1204 2931 Cesarea
1224 2874 1274 2927 est
1294 2884 1398 2951 parua
1420 2862 1561 2951 capella,
1589 2864 1644 2929 vbi
1666 2862 1797 2929 domins
1818 2874 1928 2929 nostra
1948 2864 2067 2929 morari

395 2980 595 3071 quandoque
616 2978 749 3045 solebat.
788 2978 861 3043 llec
881 2978 922 3044 de
943 2990 1032 3045 terra
1052 2991 1165 3044 saneta
1183 2978 1354 3045 sufficiant.

905 3194 986 3283 Cap.
1005 3194 1141 3261 LXVII.
1182 3194 1246 3259 DE
1267 3192 1564 3261 ΜΛΟΗΟΜΕΤΟ.

528 3342 748 3409 ilsehometus
768 3344 876 3409 statim
906 3356 980 3432 post
999 3358 1147 3432 tempora
1168 3344 1256 3410 besti
1276 3342 1431 3429 Bugenii,
1461 3366 1575 3432 parum
1603 3358 1678 3410 aute
1700 3356 1845 3433 tempora
1866 3342 1989 3409 Eraclii
2012 3342 2067 3409 ab·
2087 3344 2098 3395 ¹

399 3458 632 3527 bominabilem
652 3473 683 3523 ot
703 3457 920 3525 execrabilem
942 3459 1123 3525 doctrinam
1146 3482 1240 3525 suam
1258 3462 1365 3547 primo
1385 3460 1419 3525 in
1437 3460 1572 3543 Arabia,
1595 3460 1679 3525 vods
1700 3458 1853 3525 oriundus
1875 3460 2014 3541 exstitit,
2037 3472 2068 3525 et

401 3594 520 3665 postea
537 3573 667 3639 bestiali
690 3574 811 3663 populo
840 3576 874 3639 in
902 3574 1052 3663 partibus
1073 3576 1205 3659 vicinis,
1238 3576 1421 3642 hominibus
1449 3574 1586 3643 rudibus
1612 3586 1644 3641 et
1671 3572 1800 3641 incultis
1821 3576 1940 3663 partim
1962 3572 2068 3662 predi·

401 3704 553 3767 cauerat,
571 3692 756 3779 partimque
777 3692 1003 3779 pertimerem
1026 3702 1058 3755 ct
1078 3690 1269 3757 violenciam
1290 3693 1324 3757 in
1346 3714 1487 3757 errorem
1511 3714 1602 3757 suum
1622 3690 1877 3757 contradicentes
1898 3690 2068 3779 inpulerat

402 3808 508 3875 Cuius
529 3828 731 3871 successores
752 3817 841 3873 tanto
862 3808 989 3874 feruore
1010 3818 1042 3871 et
1062 3807 1171 3873 lurore
1191 3806 1365 3895 dyabolioo
1387 3809 1533 3873 succensi
1555 3820 1645 3889 sunt,
1677 3820 1713 3873 vt
1737 3808 1770 3873 in
1791 3808 1976 3895 pestiferam
1997 3804 2103 3873 lla-²

402 3923 544 3989 ehometi
572 3920 752 3987 doctrinam
778 3944 843 3987 non
868 3921 971 3989 solum
999 3922 1109 3989 verbis
1141 3934 1173 3987 et
1192 3922 1478 3989 exhortacionibus
1500 3923 1637 4013 populos
1659 3924 1846 4011 insipientes
1869 3922 2068 4005 inducerent,

402 4040 463 4105 scd
492 4040 595 4103 eciam
627 4052 713 4103 metu
740 4048 772 4102 et
798 4036 916 4119 gladiis
933 4049 1001 4101 tam
1017 4038 1160 4113 Arabes.
1189 4062 1286 4125 quam
1315 4038 1488 4105 orientales
1512 4038 1648 4127 populos
1670 4038 1868 4127 inpellerent
1912 4038 2103 4105 Seductor³

402 4170 513 4221 autem
535 4152 598 4235 ille,
619 4156 674 4241 qui
695 4152 801 4219 dictus
823 4170 871 4217 est
891 4152 1127 4236 Machometus,
1149 4156 1243 4241 ‹puasi
1264 4153 1346 4220 alter
1367 4154 1584 4221 Antichristus
1606 4168 1636 4221 st
1659 4156 1893 4243 primogenitus
1916 4154 2068 4235 Sathans,

402 4286 568 4357 tamquam
592 4268 715 4333 Sathsn
741 4269 775 4333 in
802 4267 953 4353 angelum
977 4266 1059 4333 lucis
1087 4272 1338 4355 transfiguratus
1365 4270 1502 4345 (scilicet
1522 4270 1586 4336 Dei
1615 4272 1757 4336 maxims
1789 4270 1995 4357 indulgencie
2022 4270 2068 4333 in·

402 4386 631 4469 dignacionem
652 4406 803 4469 maguam
819 4386 874 4461 Ι’1)
896 4385 1072 4449 sustinente
1093 4397 1124 4449 et
1145 4386 1259 4451 merito
1279 4408 1399 4471 genere
1421 4386 1560 4453 humano
1583 4395 1807 4475 cooperante),
1830 4384 1940 4475 plures
1956 4396 2069 4471 gentes

403 4502 563 4591 pervertit
583 4514 615 4563 st
635 4499 668 4563 io
690 4522 832 4565 errorem
852 4520 943 4563 suurn
966 4500 1080 4581 traxit,
1113 4522 1210 4589 quam
1232 4500 1350 4591 aliquis
1372 4502 1455 4567 alius
1478 4502 1636 4569 hereticus
1658 4514 1732 4569 aute
1754 4516 1881 4589 tempus
1903 4501 2005 4589 ipsius
2027 4498 2069 4565 le·

401 4636 500 4705 gatur
530 4615 728 4681 subuertisse
756 4628 813 4680 aut
833 4614 950 4701 aliquis
971 4614 1197 4703 predicacione
1223 4630 1254 4681 et
1282 4616 1448 4683 miraculis
1475 4620 1655 4705 reperiatur
1677 4618 1720 4683 sd
1742 4618 1917 4685 Dominum
1939 4638 2070 4683 conuer-

402 4736 491 4799 tisse.
532 4732 695 4797 Doctrina
722 4730 844 4795 scilieet
870 4733 939 4796 eius
968 4748 1003 4797 vt
1037 4756 1170 4821 serpens
1184 4734 1260 4815 ¹¹²),
1287 4744 1322 4797 st
1344 4756 1461 4797 cancer
1482 4735 1652 4821 pestilera,
1678 4758 1741 4801 non
1766 4732 1869 4799 solum
1892 4732 2018 4799 Arabes
2039 4738 2106 4795 est

403 4852 529 4937 Syrios,
550 4846 665 4911 llcdos
687 4859 719 4909 et
739 4846 876 4927 Persas,
898 4844 1054 4935 Egipeios
1075 4862 1106 4913 et
1127 4846 1295 4934 Ethiopes,
1316 4861 1348 4913 ct
1370 4848 1525 4937 plurimos
1541 4852 1596 4927 ¹⁸³)
1619 4850 1790 4916 orientales
1812 4848 1949 4937 populos
1970 4844 2071 4911 letali·

400 4982 454 5029 ter
486 4963 661 5043 interiecit,
692 4961 748 5026 sed
778 4977 810 5027 et
836 4962 994 5028 Atlricasn
1027 4977 1058 5029 et
1093 4963 1201 5051 plures
1233 4966 1382 5049 regiones
1411 4964 1629 5031 occidentales
1663 4986 1874 5051 corrumpens
1908 4986 2009 5049 usque
2039 4964 2071 5029 in

400 5080 600 5167 llispaniam
627 5078 785 5165 peruenit.
827 5078 893 5143 Nee
921 5091 1012 5166 puto,
1040 5080 1126 5168 quod
1154 5080 1196 5145 ab
1222 5081 1363 5145 infancia
1391 5083 1532 5169 primeue
1562 5082 1696 5147 ecclesie
1724 5094 1755 5145 et
1785 5082 1816 5145 in
1848 5092 2009 5145 senectam
2041 5084 2105 5145 etl

401 5199 528 5263 aenium
554 5194 698 5259 eiusdem
726 5216 827 5283 vsque
855 5192 898 5259 sd
926 5211 1073 5283 tempora
1099 5194 1157 5261 filii
1189 5196 1426 5285 predicacionis
1456 5198 1558 5263 maior
1579 5200 1683 5265 suerat
1704 5198 1755 5263 sel
1778 5196 1887 5263 futura
1907 5198 1948 5261 sit
1971 5194 2069 5261 abbo·

471 5406 537 5469 1³7,
560 5398 599 5457 T.
618 5396 766 5457 Toblsrus
786 5398 817 5457 in
838 5398 928 5457 literis
943 5396 982 5457 sd
1003 5417 1050 5459 ms
1067 5396 1144 5459 datis
1158 5404 1217 5459 tes·
1327 5406 1392 5468 tttt,
1418 5398 1516 5477 Vulgo
1539 5420 1638 5459 mensa
1661 5402 1787 5459 llmm'm'.

402 5520 448 5557 css
474 5496 632 5575 legendum
656 5515 721 5555 cass
743 5508 863 5565 censet,
890 5516 979 5577 quum
1008 5497 1036 5559 ls.
1057 5498 1078 5557 l.
1105 5496 1219 5557 dicatur
1326 5504 1393 5559 tlt·
1416 5496 1505 5557 Liber
1521 5518 1573 5559 ms.
1594 5498 1698 5559 omittit
1719 5494 1822 5557 vocab.
1844 5498 2029 5575 isdalpeario
2044 5506 2074 5555 st

403 5596 526 5675 xojsu
548 5595 631 5655 snat
673 5592 734 5653 Sed
755 5596 780 5653 si
801 5614 904 5655 recens
920 5598 1087 5655 rausi-sus
1106 5594 1217 5662 dicitur.
1259 5594 1350 5655 habet
1372 5598 1604 5673 iulipnueionem
1627 5616 1770 5673 memus
1803 5594 1949 5676 Equidem
1971 5614 2072 5657 econ·

403 5694 549 5777 quadrant
569 5695 690 5755 numeri
1259 5695 1370 5755 iectura
1392 5694 1487 5753 locum
1508 5695 1658 5755 restituere
1679 5706 1801 5753 conatus
1823 5714 1894 5757 sum.

472 5800 539 5855 tta
562 5794 638 5853 Sunt
658 5792 726 5853 XL.
770 5792 816 5853 Ci.
837 5792 931 5851 llittsr
950 5790 1036 5851 xvl.
1059 5800 1128 5857 555.
1323 5796 1392 5855 ills
1413 5792 1503 5853 Liber
1521 5812 1573 5853 ms.
1598 5790 1697 5853 habet:
1722 5794 1867 5851 lucerina
1891 5806 1917 5853 st
1935 5796 1996 5851 cius
2009 5812 2070 5849 m·-

471 5900 540 5958 1³0,
560 5890 608 5949 Cf.
627 5892 666 5953 Ι.
689 5892 893 5953 'l'lsistmarum
915 5910 942 5969 p.
958 5894 996 5951 tt
1018 5904 1077 5953 not
1099 5894 1156 5953 271
1178 5890 1217 5951 sd
1253 5913 1341 5969 psas.
1384 5890 1496 5951 Locum
1517 5892 1683 5951 mnsam·
1704 5912 1808 5951 unare
1830 5892 2002 5953 studuimus.

407 5989 493 6051 Vlll.
514 5994 550 6047 ll
1325 5994 1379 6051 tta
1416 5989 1504 6049 Liber
1525 6010 1579 6051 ms.
1602 5990 1689 6049 babet
1708 5992 1835 6067 persius.
