5284 7042
1412 727 1452 788 42

593 905 712 989 Barna,
737 907 881 972 uenturis
905 905 947 970 ad
969 915 1109 970 muntem
1132 905 1232 992 Seyr,
1254 907 1308 994 qui
1331 917 1381 972 est
1403 909 1528 985 iuxta)
1553 907 1648 968 Gades
1669 906 1858 986 samoe),
1885 903 1942 970 ubi
1962 916 2040 970 time
2060 915 2161 971 eraut.
2204 905 2270 971 Sed

595 1031 717 1088 certmu
739 1033 803 1104 est,
826 1022 913 1107 quod
933 1021 1088 1086 terminos
1110 1022 1206 1087 huius
1227 1025 1347 1088 montis
1369 1022 1467 1109 Seyr,
1494 1021 1550 1108 qui
1571 1034 1620 1086 est
1641 1043 1741 1110 supra
1760 1043 1850 1086 marc
1872 1019 2008 1104 Galilee,
2031 1043 2195 1108 nunquam
2216 1045 2270 1088 ac-

595 1139 785 1224 ceperuntl’]
806 1136 864 1201 filii
886 1135 997 1220 Israel,
1021 1158 1093 1200 cum
1114 1137 1241 1202 exirent
1262 1137 1302 1201 de
1320 1137 1464 1225 Egypto,
1486 1139 1564 1224 quia
1583 1139 1645 1202 istc
1664 1158 1758 1202 mons
1780 1135 1864 1222 Seyr
1883 1137 2089 1223 coniungitur
2106 1159 2181 1203 cam
2201 1137 2271 1203 Da·

597 1275 723 1334 masco,
746 1275 809 1340 quo
831 1275 994 1339 nunquam
1017 1263 1242 1339 peruenerunt

545 1382 576 1432 15
717 1383 812 1449 Alius
834 1397 940 1450 autem
963 1407 1055 1450 mons
1079 1384 1172 1472 Seyr,
1196 1384 1235 1450 de
1256 1407 1318 1472 quo
1339 1385 1567 1471 legiturque,
1589 1385 1796 1470 coniungitur
1817 1407 1891 1449 cum
1910 1382 2038 1450 deserto
2059 1383 2192 1450 Pharan
2201 1387 2269 1464 ²⁴⁵]

595 1499 699 1582 Quem
728 1499 824 1586 longo
852 1511 996 1586 tempore
1018 1501 1213 1566 circuierunt
1227 1502 1284 1579 ²⁴⁶)
1312 1500 1371 1566 filii
1391 1500 1495 1566 Israel
1517 1499 1672 1589 prohibiti
1693 1522 1714 1563 a
1736 1499 1876 1564 Domino
1898 1522 1971 1564 eum
1990 1502 2122 1568 intrare.
2163 1499 2209 1566 Et
2229 1499 2271 1566 de

592 1615 648 1682 illo
676 1625 785 1680 monte
808 1615 891 1702 Seyr
913 1615 1031 1680 dicitur
1053 1618 1153 1681 eciam
1175 1616 1422 1682 Deuteronomii
1446 1617 1563 1692 11²⁴e:
1592 1622 1631 1678 In
1653 1628 1747 1678 monte
1769 1619 1846 1694 Seyr
1872 1617 1940 1678 olim
1967 1619 2179 1678 dubitauerunt
2200 1620 2272 1700 [flii

592 1737 695 1794 Israel
712 1755 772 1811 pro
794 1735 853 1811 eis]

717 1863 755 1928 In
777 1865 838 1928 isto
864 1874 971 1927 autem
992 1875 1100 1929 monte
1122 1865 1221 1952 Seyr,
1243 1866 1298 1950 qui
1320 1875 1369 1929 est
1390 1866 1485 1929 iuxta
1504 1885 1594 1927 mare
1616 1861 1742 1927 Galilee
1763 1871 1795 1926 et
1814 1872 1955 1926 montem
1978 1862 2195 1944 Galaad²⁴⁸)‚
2214 1863 2268 1930 ha·

593 1978 721 2044 bitabat
741 1978 830 2043 Esau
851 2001 889 2043 eo
910 1989 1070 2066 tempore,
1106 2003 1169 2065 quo
1190 1979 1290 2046 Iacob
1314 1979 1411 2044 rediit
1432 1978 1472 2044 de
1493 1979 1730 2066 Mesopotamia
1753 1975 1858 2063 Syrie.
1900 1977 2030 2043 Dicitur
2056 1979 2142 2044 enim
2165 1979 2269 2046 Gene-

595 2097 640 2160 sis
662 2093 810 2159 XXXVI
823 2095 894 2178 ²⁴⁹),
927 2093 1034 2179 quial)
1055 2095 1229 2177 Euentu),
1263 2098 1318 2184 qui
1345 2094 1516 2160 habitabat
1544 2115 1616 2158 curn
1640 2103 1733 2180 patre
1756 2115 1815 2158 suo
1837 2092 1961 2180 absque
1983 2093 2080 2160 dubio
2101 2095 2135 2159 in
2152 2095 2267 2161 Bersa-

596 2209 665 2292 bee,
689 2211 865 2296 assumptis
888 2209 1053 2292 omuibus,
1075 2233 1138 2298 que
1159 2210 1316 2295 habebat,
1347 2209 1427 2275 abiit
1447 2213 1482 2275 in
1503 2211 1669 2296 regionem
1691 2209 1841 2274 alteram:
1868 2209 1949 2273 nulli
1971 2208 2105 2274 dubium
2125 2211 2204 2298 quin
2226 2209 2269 2276 ad

595 2326 700 2390 istam.
743 2325 787 2390 Et
809 2335 978 2412 separatus
1000 2337 1049 2391 cst
1070 2349 1088 2390 a
1108 2327 1209 2392 fratre
1232 2349 1297 2392 suo.
1341 2325 1437 2391 Unde
1459 2338 1491 2390 et
1511 2325 1609 2390 Iacob
1631 2325 1780 2390 redeunti
1809 2325 1850 2389 de
1871 2325 2109 2413 Mesopotamia
2129 2329 2271 2392 occurrit

594 2441 687 2504 iuxta
714 2441 833 2506 uadum
854 2440 968 2524 labec,
998 2441 1083 2527 quod
1112 2442 1154 2507 ab
1185 2454 1296 2508 austro
1324 2441 1452 2506 adiacet
1480 2451 1566 2507 terre
1586 2443 1649 2506 isti.
1690 2441 1735 2506 Et
1758 2441 1897 2506 Genesis
1918 2441 2120 2515 XXXII²⁵¹)
2141 2442 2268 2528 dicitur,

595 2555 692 2642 quod,
715 2579 787 2621 cum
809 2557 908 2623 Iacob
929 2559 1136 2623 transiuissct
1155 2557 1308 2638 Phanuel,
1333 2572 1417 2620 ortas
1438 2571 1481 2621 est
1503 2563 1530 2621 ei
1549 2563 1601 2622 sol.
1644 2557 1688 2622 Et
1708 2557 1877 2629 infra²⁵²):
1899 2562 2033 2619 Eleacas
2051 2571 2149 2620 autem
2171 2563 2269 2622 occas

595 2675 670 2734 uidit
692 2677 853 2736 uenientem
875 2680 968 2739 Esau.
1009 2673 1073 2756 Qui
1094 2673 1184 2739 loeus
1207 2673 1343 2750 (scilicet
1361 2679 1511 2750 Phanuel)
1521 2674 1581 2750 253)
1604 2672 1783 2738 ostenditur
1804 2671 1900 2738 hodie
1917 2671 2031 2737 eodem
2044 2676 2185 2757 nomine,
2205 2699 2269 2741 nou

596 2787 693 2874 longe
715 2811 735 2854 a
757 2791 985 2869 Sockoti⁰)²³⁴)
1012 2789 1096 2854 ultra
1117 2789 1288 2856 Iordanem
1319 2790 1362 2854 ad
1391 2786 1579 2855 orientalem
1600 2787 1752 2876 plagam,
1782 2787 1839 2853 ubi
1861 2787 2048 2875 legitur²⁵⁵)
2076 2801 2191 2876 postea
2211 2793 2268 2856 im·

594 2903 734 2970 mediate
752 2907 887 2970 uenisse.
930 2907 974 2971 Et
997 2917 1046 2972 est
1067 2905 1159 2972 locus
1180 2905 1266 2970 idem
1287 2907 1321 2968 iu
1344 2903 1567 2990 pedemontis
1589 2903 1683 2989 Seyr,
1704 2905 1759 2989 qui
1781 2903 1909 2968 adiacet
1932 2907 2015 2968 mari
2038 2903 2172 2988 Galilce,
2196 2928 2268 2972 cum

593 3019 648 3084 ille
669 3043 760 3087 mons
785 3021 883 3108 seyr,
914 3024 947 3086 in
971 3043 1035 3110 quo
1055 3020 1130 3086 olirn
1152 3019 1381 3086 habitauerunt
1402 3019 1549 3104 Chorrei‚
1571 3042 1630 3107 pro
1653 3019 1770 3105 quibus
1792 3042 1878 3084 nunc
1898 3019 2019 3085 ibidem
2042 3019 2191 3086 habitant
2210 3019 2269 3086 filii

594 3133 700 3220 Esau,
732 3159 791 3224 per
818 3137 927 3224 plures
954 3136 1058 3202 dietas
1087 3137 1184 3202 distet
1206 3161 1226 3202 a
1247 3137 1317 3203 loco
1341 3137 1418 3218 isto,
1449 3158 1554 3222 aquo
1581 3158 1646 3200 non
1668 3145 1799 3222 poterat
1820 3135 1926 3200 subito
1947 3138 2076 3201 uenisse
2097 3136 2188 3201 Esau
2208 3159 2267 3225 pro

594 3251 694 3316 fratre
717 3275 774 3319 suo
798 3253 948 3335 uidendo,
971 3255 1048 3339 quia
1070 3251 1167 3340 longe
1186 3253 1271 3318 ultra
1292 3275 1383 3317 mare
1404 3262 1563 3317 mortuum
1586 3250 1695 3334 distat,
1716 3252 1862 3338 fereper
1884 3253 2024 3339 quinque
2044 3252 2157 3318 dietas.
2196 3252 2266 3319 Hec

595 3366 770 3433 diuersitas
791 3368 930 3434 filiorum
951 3368 1042 3434 Esau
1063 3379 1096 3432 et
1116 3367 1352 3434 habitationum
1374 3367 1548 3433 diuersitas
1569 3365 1697 3432 uidetur
1717 3367 1796 3433 mibi
1817 3367 2011 3448 cecidisses)
2032 3391 2073 3433 ex
2096 3391 2150 3452 eo,
2180 3369 2265 3456 quod

594 3482 685 3548 Esau
708 3483 816 3570 plures
839 3483 953 3549 babuit
973 3507 1110 3565 uxores,
1142 3495 1173 3548 et
1194 3485 1240 3550 ita
1260 3485 1336 3567 filil,
1368 3507 1448 3572 quos
1470 3483 1584 3548 habuit
1611 3481 1652 3548 de
1672 3483 1740 3547 filia
1761 3481 1934 3565 Ysmahel,
1964 3507 2074 3550 sorore
2094 3483 2266 3568 Nabaiotb,

592 3597 821 3664 habitauerunt
844 3601 877 3663 iu
899 3611 1006 3665 moute
1024 3599 1117 3686 Seyr,
1139 3601 1195 3688 qui
1216 3612 1264 3666 est
1285 3601 1378 3666 iuxta
1398 3599 1561 3664 desertum
1579 3599 1719 3680 Pharan,
1740 3601 1773 3662 in
1795 3597 1933 3664 confinio
1948 3598 2013 3682 illo,
2035 3601 2091 3666 ubi
2106 3600 2266 3666 habitauit

594 3735 686 3779 socer
712 3715 781 3780 eius
803 3715 973 3798 Ysmahel,
1004 3715 1043 3780 de
1072 3739 1134 3804 quo
1156 3715 1274 3782 dieitur
1296 3715 1610 3797 GenesisXXI²⁵⁶),
1638 3713 1726 3800 quod
1753 3715 1858 3779 factus
1880 3728 1929 3781 cst
1951 3719 2003 3780 uir
2024 3739 2145 3802 guarus
2167 3717 2265 3802 sagit·

593 3827 683 3894 tandi
707 3841 738 3894 et
759 3843 901 3898 moratus
922 3834 955 3896 in
976 3831 1148 3898 solitudine
1170 3831 1311 3914 Pharan,
1333 3831 1390 3896 ubi
1410 3831 1529 3917 legitur
1549 3833 1621 3918 ipse
1642 3841 1674 3894 ct
1696 3831 1763 3894 eius
1785 3833 1908 3915 posteri
1929 3834 2126 3897 conseruari.
2160 3832 2266 3898 Duxit

594 3955 701 4010 autem
716 3944 806 4012 Esau
828 3947 910 4012 alies
931 3971 1050 4014 uxores
1073 3947 1195 4035 absque
1216 3949 1289 4037 hijs,
1312 3971 1394 4035 quas
1416 3949 1505 4034 prius
1527 3947 1693 4028 babuerat,
1714 3947 1799 4010 iuter
1822 3969 1902 4033 quas
1917 3971 1982 4012 una
1999 3960 2069 4013 erat
2083 3947 2266 4030 Oolibama‚

592 4059 764 4142 libariae,
786 4062 851 4128 filie
873 4063 999 4129 Sebeou
1021 4063 1124 4150 Euey.
1166 4064 1231 4130 Iste
1252 4064 1362 4129 Eucus
1383 4063 1469 4128 filius
1492 4075 1564 4127 erat
1584 4061 1751 4146 Chanaau,
1773 4073 1806 4127 et
1828 4062 1997 4129 habitabat
2018 4063 2142 4150 absque
2165 4062 2263 4129 dubio

660 4261 687 4332 a)
705 4261 782 4313 iaxta
800 4277 853 4316 om.
871 4258 925 4328 St,
948 4259 1033 4315 habet
1051 4259 1076 4314 h.
1093 4291 1126 4300 -
1153 4260 1181 4328 b]
1199 4269 1370 4316 accesserant
1386 4259 1425 4315 St.
1448 4267 1610 4330 accepemnt
1626 4258 1652 4313 b.
1677 4287 1707 4298 —
1732 4264 1758 4325 c)
1776 4261 1811 4312 de
1826 4279 1880 4330 quw
1897 4260 2020 4330 loquima-
2036 4259 2076 4314 St.
2101 4263 2136 4314 de
2154 4279 2207 4330 qno
2224 4260 2268 4317 tbi

725 4345 849 4414 loquitur
867 4343 893 4396 h.
910 4373 944 4383 -
960 4343 990 4412 d]
1010 4347 1059 4414 qai
1075 4361 1140 4398 esca
1158 4343 1197 4399 St.
1216 4347 1291 4412 qaod
1306 4361 1371 4398 esca
1388 4343 1416 4399 h.
1450 4341 1623 4396 Vocabulum
1642 4345 1709 4412 quia
1726 4360 1741 4396 e
1758 4345 1919 4398 coniectura
1935 4343 2006 4398 dedi,
2023 4373 2056 4382 -
2074 4345 2100 4409 e)
2117 4341 2265 4402 asscitSt

723 4461 757 4470 -
776 4429 801 4502 f)
817 4429 928 4482 adleta·
943 4429 1013 4482 mibi
1029 4430 1163 4484 acm'dt'sse
1179 4437 1205 4483 et
1218 4429 1419 4482 latitationem
1435 4428 1584 4481 diuersitas
1601 4425 1639 4480 St.
1677 4429 1756 4492 Quae
1779 4445 1830 4482 suo
1847 4425 1969 4498 quidque
1987 4426 2015 4480 iu
2035 4425 2096 4482 loco
2114 4427 2266 4496 posuimus.

653 4615 725 4688 243)
756 4614 851 4674 Gades
877 4617 989 4692 Baras]
1028 4617 1075 4676 De
1109 4613 1191 4676 Cede
1219 4615 1335 4674 Barnea
1369 4614 1405 4674 cf.
1448 4613 1648 4673 ecclesiastica
1668 4634 1728 4672 uon
1750 4614 1859 4686 omitti,
1884 4612 1938 4673 sed
1957 4613 2102 4673 vocabulo
2123 4613 2194 4692 qaia
2216 4633 2266 4674 sx-

590 4713 647 4774 IX.
673 4720 718 4774 19.
1447 4713 1532 4791 primi
1554 4713 1605 4770 via
1625 4723 1670 4771 est
1690 4712 1768 4793 quod
1790 4713 1894 4774 dicam.

654 4817 725 4886 244)
747 4815 782 4871 de
805 4832 860 4890 quo
878 4813 994 4890 lepitar]
1018 4812 1125 4876 Geues.
1143 4813 1197 4875 IV.
1214 4818 1240 4874 6.
1275 4812 1406 4873 Verbum
1510 4813 1581 4882 251)
1603 4814 1643 4868 Et
1667 4810 1792 4870 Genesis
1812 4811 1957 4887 XXXII]
1980 4832 2008 4869 v.
2032 4815 2080 4872 31.

590 4912 698 4987 lepitar
720 4931 736 4970 e
759 4911 926 4970 coniectura
947 4911 1087 4976 dedimus.
1510 4911 1581 4974 252)
1605 4911 1645 4966 Et
1666 4909 1761 4984 infra]
1784 4908 1858 4970 Gen.
1879 4909 2035 4970 XXXIII.
2062 4914 2087 4971 l.

654 5013 725 5083 245)
741 5011 877 5086 Pharna]
896 5009 1139 5082 Phhrdearan.
1162 5010 1198 5074 V.
1213 5009 1309 5070 Ritter
1319 5009 1405 5070 XIV.
1511 5010 1582 5080 253)
1605 5007 1750 5083 Phanuel]
1771 5007 1874 5068 Pnusl.
1908 5008 1944 5070 V.
1963 5029 1991 5070 v.
2005 5007 2133 5068 Raumer
2153 5029 2183 5089 p.
2196 5012 2266 5082 223,

591 5112 658 5169 tto.
674 5118 703 5167 et
718 5107 921 5168 Tiscbeudorf
928 5108 992 5168 Aue
1008 5109 1034 5168 d.
1048 5109 1116 5170 hcil.
1132 5107 1235 5168 Laude
1248 5131 1278 5189 p.
1289 5113 1328 5170 48
1341 5129 1405 5188 sqq.
1448 5105 1543 5164 Ritter
1562 5105 1624 5164 XV
1645 5109 1697 5182 (1).
1719 5112 1787 5167 477.

653 5211 723 5282 246)
750 5209 842 5273 Quem
854 5209 940 5284 loapo
953 5217 1037 5284 temp.
1053 5207 1243 5283 circuierant]
1266 5207 1303 5268 V.
1318 5209 1406 5268 Deut.
1513 5207 1585 5276 254)
1608 5205 1742 5280 Soclotb]
1758 5203 1885 5276 Sukhot,
1897 5203 2034 5281 Succotb,
2052 5202 2193 5266 Suehoth.
2217 5203 2264 5265 of.

587 5307 630 5368 Π.
656 5311 680 5366 1.
1447 5301 1543 5361 Rittsr
1561 5301 1623 5360 XV
1644 5307 1697 5378 (1).
1720 5307 1909 5374 tta-448,
1935 5323 1964 5362 v.
1984 5301 2115 5362 Renum
2141 5325 2170 5383 p.
2194 5307 2263 5364 224.

652 5408 724 5478 247)
746 5405 907 5465 Deuteron.
923 5403 974 5480 II]
998 5401 1094 5478 Quem
1112 5422 1228 5463 versum
1246 5402 1335 5478 dicat,
1356 5422 1407 5461 ne·
1449 5403 1517 5461 228.
1566 5399 1627 5460 Sed
1664 5400 1723 5460 vid.
1751 5403 1892 5481 imprimis
1922 5401 2178 5477 Vandeveldium,
2215 5403 2265 5482 qui

591 5503 660 5577 seio,
682 5503 737 5561 uisi
756 5501 830 5575 XII,
852 5503 901 5582 qui
923 5505 972 5561 vix
994 5502 1125 5582 quadrat.
1448 5497 1583 5570 (Memoir
1603 5520 1632 5579 p.
1654 5501 1727 5573 350)
1754 5521 1856 5560 recens
1876 5494 2035 5570 Sdkhrith,
2061 5497 2141 5580 quod
2169 5502 2265 5560 minus

652 5599 1000 5677 mammaemammal
1017 5600 1131 5672 Gilead,
1141 5598 1291 5660 Dscbebel
1303 5600 1409 5659 Dachi·
1453 5605 1465 5657 l
1491 5597 1563 5658 bora
1580 5599 1664 5658 abest
1685 5619 1703 5658 a
1716 5598 1806 5660 Wadi
1818 5599 1928 5671 Maleb,
1950 5600 2099 5679 componit
2112 5619 2177 5658 eum
2191 5599 2267 5659 snti-

590 5699 660 5775 l'ad‚
686 5709 816 5759 montem
837 5698 953 5759 ’000100Ι
1007 5699 1084 5760 Vide
1106 5698 1301 5760 Vandevsldii
1327 5698 1409 5757 tabu·
1451 5717 1538 5778 quam
1557 5696 1694 5770 Succotb,
1715 5702 1912 5780 quippequae
1931 5718 1990 5756 una
2005 5699 2049 5768 sit,
2071 5717 2131 5757 uon
2147 5697 2267 5778 duplex.

590 5801 647 5859 lam
670 5817 770 5878 geogr.
793 5805 863 5856 sect.
881 5803 907 5858 6.
1512 5799 1582 5870 255)
1604 5797 1654 5855 abi
1675 5799 1791 5874 lepitar]
1815 5797 1889 5858 Gen.
1901 5796 2059 5856 XXXIII.
2085 5796 2265 5858 17:1⁴3t1a-

653 5901 725 5968 249)
750 5895 874 5957 Genesis
895 5895 1052 5972 XXXVI]
1073 5917 1099 5958 v.
1121 5901 1149 5957 6.
1449 5894 1503 5954 cob
1525 5896 1656 5954 venitin
1678 5894 1797 5958 Socoth.

653 6001 724 6070 250)
743 5996 814 6074 qaia
843 5993 936 6068 Esau]
969 5991 1114 6053 Graecum
1143 5989 1185 6054 ὅτι
1216 6015 1232 6055 e
1261 5995 1406 6054 latinitate
1510 5997 1580 6068 256)
1602 5995 1638 6051 de
1659 6014 1716 6070 quo
1737 5995 1848 6054 dicitur
1872 5991 1997 6051 Genesis
2018 5995 2112 6070 XXI]
2134 6015 2162 6053 v.
2184 5997 2232 6055 20.
