5284 7042
1378 704 1435 767 152

572 884 634 947 ait:
661 887 803 963 „Ipnoms
833 885 891 943 erit
918 888 1011 955 mora,
1039 887 1131 944 donec
1157 894 1313 962 conprepet
1341 886 1485 945 Dominus
1508 890 1648 963 populum
1676 906 1758 945 saum
1788 896 1814 945 st
1837 886 1992 963 propicius
2018 889 2093 966 fiet,
2121 896 2147 946 st
2176 900 2249 947 tane

571 1004 703 1061 ostendet
725 1004 783 1060 beo.

542 1125 553 1173 1
698 1113 780 1199 Cap.
802 1113 911 1177 XXX.
953 1112 1007 1177 Ab
1028 1114 1164 1177 introitu
1190 1110 1302 1199 templi
1330 1124 1379 1177 est
1401 1124 1497 1201 porta
1519 1115 1668 1199 speciosa
1689 1124 1722 1178 et
1744 1135 1784 1179 ex
1809 1112 1874 1179 alia
1896 1128 1990 1201 parte
2012 1113 2167 1201 templum
2188 1112 2248 1179 Sa·

538 1230 715 1297 alemonis.
758 1229 847 1293 Inter
868 1228 1023 1316 templum
1045 1240 1077 1293 et
1097 1250 1229 1293 auream
1253 1237 1379 1315 portam
1401 1229 1530 1293 inierunt
1552 1226 1696 1311 arbores,
1719 1228 1898 1316 dequibus
1920 1230 2017 1317 primi
2039 1228 2247 1296 Hebreorum

537 1360 681 1411 trames
709 1344 869 1423 trilerunt,
898 1343 1028 1432 quando
1047 1343 1189 1409 Domino
1218 1341 1343 1408 sedenti
1372 1367 1469 1430 super
1495 1342 1618 1431 pullum
1642 1348 1733 1411 asine
1754 1356 1973 1413 occurrerunt.
2018 1345 2062 1411 Et
2084 1344 2130 1411 ibi
2152 1348 2248 1411 iuxta

571 1461 727 1549 templum
749 1459 930 1526 Salemonis
950 1465 984 1525 in
1006 1459 1125 1544 angulo
1147 1460 1289 1523 ciuitatis
1317 1470 1366 1524 est
1389 1458 1554 1525 cubiculus
1576 1468 1607 1524 et
1627 1459 1748 1526 Christi
1772 1460 1922 1527 balneum
1951 1472 1984 1527 et
2005 1462 2106 1527 lectius
2129 1464 2244 1527 matris

572 1580 640 1642 eius
661 1590 694 1641 et
715 1576 898 1663 sepulerum
919 1578 997 1641 iusti
1019 1574 1199 1662 Symeonia.

541 1708 552 1757 1
696 1692 776 1779 Cap.
799 1692 916 1756 XXXI
967 1690 1096 1755 Deinde
1123 1692 1188 1755 itur
1215 1691 1258 1756 ad
1287 1691 1455 1757 ecelesiam
1485 1704 1587 1754 scaete
1608 1692 1762 1771 Annae),
1795 1704 1826 1755 et
1856 1692 2034 1757 ostenditur
2058 1692 2180 1781 cripta,
2211 1694 2246 1757 in

539 1826 637 1897 aqua
663 1808 761 1873 beata
787 1810 882 1894 virgo
910 1807 1029 1872 dieitur
1057 1817 1150 1888 nata,
1184 1828 1245 1893 que
1272 1808 1335 1872 fuit
1362 1807 1437 1872 olim
1466 1805 1580 1872 domus
1602 1805 1744 1871 Ioaehim
1774 1818 1805 1871 et
1834 1809 1947 1872 vxoris
1969 1830 2025 1874 sue
2047 1810 2151 1873 Anne.
2195 1808 2243 1873 Ibi

572 1928 666 1991 iuxta
692 1946 821 1988 murum
850 1922 962 2009 templi
983 1932 1033 1987 est
1054 1922 1224 2009 probatica
1242 1924 1370 2008 piscina
1377 1973 1386 2005 ,
1414 1922 1454 1987 de
1476 1945 1540 2011 qua
1561 1924 1594 1986 in
1617 1921 1809 2007 ewangelio,
1841 1923 1874 1987 in
1897 1946 1961 2011 qua
1980 1924 2077 2011 longo
2098 1936 2243 2013 tempore

572 2042 696 2127 lignum
721 2050 831 2104 sancte
852 2040 958 2103 erucis
978 2040 1117 2102 iacuisse
1139 2038 1265 2102 dicitur.

541 2178 553 2227 1
698 2156 780 2241 Cap.
801 2154 944 2218 XXXH.
982 2154 1101 2219 Postea
1122 2156 1186 2218 itur
1208 2153 1250 2217 ad
1271 2153 1401 2219 domum
1421 2152 1539 2239 Pylati,
1564 2152 1620 2218 vbi
1633 2153 1793 2219 Dominus
1815 2154 1877 2219 luit
1898 2152 2089 2240 flagellatus,
2111 2178 2244 2222 corona·

540 2286 626 2343 ltus
648 2284 680 2337 et
699 2271 813 2337 illusus
837 2281 869 2335 et
890 2270 1096 2355 dampnatus.
1136 2268 1187 2333 Ibi
1209 2270 1312 2333 eciam
1334 2272 1389 2333 via
1411 2280 1475 2352 eat,
1508 2268 1629 2333 ducens
1652 2268 1693 2333 ad
1714 2268 1866 2355 templum
1888 2270 2038 2347 Domini,
2068 2294 2243 2359 perquam

572 2390 738 2453 venientes
760 2385 851 2450 Iudei
875 2384 1070 2467 clamabant,
1091 2384 1251 2449 dicentes:
1274 2389 1449 2469 „cinctas
1473 2390 1610 2469 oracsfiys
1632 2390 1737 2447 euml‘·
1751 2386 1790 2461 ³⁵)

542 2515 552 2564 1
697 2502 776 2589 Cap.
797 2500 956 2565 XXXIII.
997 2500 1127 2565 Deinde
1146 2501 1212 2565 itur
1233 2499 1276 2565 ad
1299 2500 1428 2567 domum
1443 2506 1536 2577 Anne,
1559 2502 1716 2587 principis
1739 2500 1952 2581 sacerdotum,
1976 2504 2079 2567 soceri
2096 2503 2242 2591 Cayphe,

539 2620 617 2684 ead
639 2642 732 2706 quem
754 2620 860 2704 primo
881 2615 1031 2683 Christus
1052 2618 1114 2681 fuit
1133 2616 1259 2681 ductus.
1301 2616 1351 2682 Ibi
1374 2619 1477 2681 ceiam
1499 2628 1548 2683 est
1569 2616 1699 2697 domus,
1722 2620 1755 2681 in
1777 2638 1841 2703 qua
1860 2618 2005 2683 fecerunt
2024 2618 2117 2684 Iudai
2139 2622 2242 2685 consi·

539 2736 660 2817 alium,
681 2744 717 2797 vt
740 2733 903 2799 Christum
923 2732 1116 2796 occiderent.
1158 2731 1202 2796 Et
1228 2730 1275 2796 ibi
1303 2734 1396 2797 iuxta
1422 2745 1471 2797 est
1495 2732 1631 2797 ecclesia
1659 2732 1745 2797 dicta
1765 2742 1878 2797 sancta
1898 2732 2003 2797 lllaria
2025 2734 2064 2799 de
2086 2734 2243 2823 Pasmoy·

540 2852 692 2928 taonll).
735 2849 801 2913 Vbi
822 2872 894 2913 cum
915 2870 1033 2933 magno
1054 2846 1166 2912 dolore
1187 2846 1269 2911 vidit
1291 2846 1392 2913 filium
1416 2871 1508 2913 suum
1530 2869 1659 2913 crucem
1677 2848 1822 2913 baiulare
1845 2858 1876 2912 et
1898 2870 1995 2935 super
2009 2848 2090 2915 duos
2105 2874 2242 2938 magnos

540 2966 699 3053 elapides
720 2964 811 3029 albos
833 2966 1047 3051 requiescere,
1070 2965 1126 3049 qui
1148 2962 1253 3027 adhuc
1275 2974 1349 3027 sunt
1368 2964 1415 3029 ibi
1436 2966 1469 3029 in
1491 2986 1569 3029 arcu
1591 2964 1657 3029 alto
1678 2965 1804 3029 murati.
1841 2963 1892 3029 Ibi
1914 2966 2017 3029 eciam
2039 2972 2164 3032 catria
2186 2966 2243 3033 du·

540 3095 649 3147 beans
671 3080 714 3145 ad
735 3092 862 3167 portam
885 3081 987 3143 saneti
1012 3077 1185 3165 Stephani,
1215 3092 1308 3143 extra
1338 3102 1435 3165 quam
1461 3080 1521 3143 luit
1546 3078 1717 3167 lapidatus.
1763 3078 1835 3159 Qus
1868 3078 1942 3144 olim
1964 3080 2133 3146 dicebatur
2151 3096 2243 3163 porto

568 3202 709 3277 piscium,
736 3218 795 3282 per
821 3218 918 3283 quam
938 3194 1030 3259 ludei
1058 3194 1211 3258 ducentes
1233 3195 1398 3261 Christum
1429 3196 1620 3259 inuenerunt
1642 3196 1814 3280 Syrnonem
1836 3194 2036 3281 Cyreneum,
2065 3220 2158 3283 quem
2187 3220 2241 3263 an-

572 3314 782 3398 gariauerunt
801 3322 933 3398 portare
955 3332 1083 3375 erucem
1106 3320 1181 3397 post
1203 3310 1368 3377 Christum
1392 3332 1493 3397 vsque
1515 3310 1558 3374 ad
1579 3322 1720 3375 montem
1742 3310 1910 3393 Calussic,
1943 3310 1998 3377 vbi
2025 3334 2097 3377 eum
2119 3314 2242 3379 crucifi-

539 3408 697 3527 }xerunt.
740 3426 835 3491 quta
858 3425 978 3490 dictam
1001 3426 1170 3491 eeclesiam
1191 3425 1309 3491 dicitur
1329 3428 1430 3491 fuisse
1451 3426 1613 3513 palacium
1627 3424 1770 3490 Herodis
1793 3430 1889 3512 regis.
1928 3426 1972 3491 Et
1992 3426 2038 3492 ibi
2060 3452 2125 3493 non
2146 3430 2243 3516 longe

573 3542 753 3609 ostenditur
774 3542 887 3607 domus
907 3542 988 3606 Inde
1008 3540 1194 3629 proditoris,
1216 3544 1250 3606 in
1272 3566 1369 3629 quam
1391 3564 1464 3607 cum
1484 3564 1587 3607 vxore
1608 3550 1640 3603 et
1660 3540 1734 3605 filiis
1757 3542 1823 3607 suis
1845 3542 2012 3608 habitauit.

541 3672 551 3721 1
697 3660 779 3745 Cap.
801 3656 960 3722 XXXIV.
1001 3658 1130 3723 Deinde
1156 3660 1221 3723 itur
1247 3658 1290 3723 ad
1317 3666 1425 3721 turrira
1450 3662 1559 3731 Dauid,
1589 3678 1674 3721 nuno
1698 3656 1909 3741 destructam,
1938 3659 1995 3723 vbi
2024 3674 2098 3745 post
2120 3663 2242 3747 passio·

573 3798 647 3840 nem
670 3774 793 3840 Christi
813 3772 932 3859 Ioseph
955 3772 996 3837 ab
1016 3774 1198 3839 Arimathia
1218 3776 1279 3839 fuit
1300 3778 1334 3839 in
1356 3797 1486 3839 earcere
1507 3772 1659 3837 XLllll⁰⁸
1676 3772 1768 3837 annis
1789 3796 1890 3863 usque
1912 3774 1953 3839 ad
1976 3774 2149 3839 aduentum
2165 3776 2243 3863 ‘Iyti

539 3900 606 3961 aet
626 3890 821 3977 Vespasiani
852 3888 1095 3975 imperatorum.
1135 3889 1250 3954 Eciam
1276 3901 1325 3954 est
1353 3890 1399 3954 ibi
1426 3900 1520 3977 porta
1543 3887 1670 3969 Dauid,
1706 3898 1799 3953 extra
1826 3911 1923 3977 quarn
1945 3913 2009 3955 non
2028 3891 2123 3977 longe
2144 3892 2244 3957 Iudas

540 4006 721 4093 aproditor
750 4028 784 4069 se
811 4004 981 4090 suspendit
1008 4004 1050 4069 ad
1071 4004 1222 4071 arborem
1244 4028 1457 4091 sycomorum.
1499 4004 1606 4089 Prope
1628 4003 1823 4071 lherusalem
1846 4006 1888 4071 ad
1910 4006 1974 4071 duo
2001 4006 2158 4089 miliaria,
2188 4008 2243 4075 al>-

540 4110 693 4226 3seisum
713 4123 774 4185 luit
794 4120 917 4206 lignum
940 4132 1051 4185 sancte
1074 4122 1190 4186 erucis.
1231 4121 1297 4186 Vbi
1318 4120 1469 4185 edificata
1496 4130 1545 4183 cst
1565 4118 1703 4185 ecelesia
1725 4120 1949 4207 pulcherrima.
1992 4124 2056 4203 Qui
2085 4122 2176 4189 locus
2198 4125 2245 4191 di-

540 4240 659 4305 scitur
681 4236 813 4302 arabice
834 4238 1063 4319 Messabilsll),
1088 4239 1111 4301 i.
1132 4261 1159 4303 e.
1178 4247 1283 4302 mater
1304 4238 1418 4301 erucis.
1461 4236 1541 4301 Inde
1563 4236 1605 4301 ad
1628 4234 1709 4300 duas
1731 4235 1839 4301 leucas
1860 4248 1891 4301 et
1913 4238 2080 4303 dimidiam
2103 4250 2152 4304 est
2172 4240 2245 4307 fons

574 4355 725 4439 egregius
738 4354 794 4434 ⁷⁸),
829 4354 863 4417 in
893 4375 956 4437 quo
982 4352 1097 4417 beatus
1124 4352 1294 4441 Philippus
1321 4352 1503 4417 eunuchum
1529 4352 1702 4437 Ethiopcm
1738 4352 1778 4417 de
1804 4352 2001 4417 [herusalem
2031 4366 2243 4421 reuertentem

572 4469 762 4556 baptizauit.

542 4604 552 4653 1
699 4584 781 4670 Cap.
803 4584 944 4648 XXXV.
986 4583 1117 4649 Deinde
1138 4583 1182 4649 ad
1201 4608 1298 4649 vnam
1318 4584 1444 4649 leucam
1467 4595 1497 4648 et
1520 4606 1577 4671 per
1599 4594 1665 4648 tres
1695 4582 1803 4647 leucas
1827 4608 1846 4648 a
1866 4583 2065 4649 Iherusalem
2088 4598 2137 4653 est
2156 4588 2244 4656 locus

574 4722 633 4765 seu
653 4701 769 4764 ciuitas
792 4699 1021 4787 pulcherrima,
1042 4722 1127 4765 nune
1150 4700 1336 4782 deuastata,
1357 4702 1392 4764 in
1412 4701 1572 4765 montanis
1594 4700 1693 4764 Iudee
1716 4702 1778 4765 sita
1785 4749 1793 4781 ,
1814 4702 1943 4765 nomine
1965 4704 2115 4765 Scolors'o
2130 4706 2179 4786 l⁹),
2202 4708 2244 4771 ad

575 4838 672 4903 quam
691 4815 789 4880 beata
807 4815 913 4880 Maria
932 4818 993 4879 iuit
1013 4814 1053 4879 de
1075 4816 1240 4881 Nazareth
1261 4815 1305 4880 ad
1326 4826 1391 4879 tres
1414 4815 1517 4880 dietas
1540 4838 1612 4879 oum
1640 4814 1791 4897 dimidia,
1820 4830 1850 4881 et
1880 4815 2032 4880 salutauit
2053 4817 2244 4904 Elysabeth,

541 4906 710 5024 {matrem
733 4931 888 4996 Iohannis
917 4932 1074 5018 baptiste,
1108 4934 1162 5019 qui
1189 4932 1235 4996 ibi
1261 4932 1322 4995 luit
1343 4942 1437 4995 natus
1452 4932 1499 5007 70).
1543 4930 1586 4995 Et
1607 4930 1764 4997 exultauit
1785 4932 1891 4997 infans
1914 4932 1947 4995 in
1969 4942 2059 4997 vtero
2081 4936 2158 4999 eius.
2202 4936 2246 5001 Et

541 5061 558 5110 4
575 5046 672 5112 beata
689 5046 798 5111 Maria
817 5048 967 5124 dixit⁸¹):
991 5052 1188 5131 „Mapnifirar
1209 5054 1309 5109 anima
1332 5070 1394 5109 mea
1414 5052 1599 5112 Dominum.“
1640 5048 1678 5111 In
1699 5046 1785 5131 loco,
1806 5071 1869 5133 quo
1892 5048 1940 5112 sic
1961 5047 2007 5111 ibi
2030 5048 2245 5115 obuiauerunt

616 5247 689 5341 ἱ74)
713 5267 752 5327 V.
774 5266 888 5326 'l'obler
911 5266 1042 5346 Topogr.
1062 5288 1090 5329 v.
1105 5267 1240 5327 Jerusl.
1254 5270 1311 5327 429
1329 5286 1390 5346 sqq.
1433 5264 1565 5345 'Popogn
1593 5288 1619 5327 v.
1639 5266 1736 5327 Jerus.
1759 5268 1800 5327 H.
1825 5271 1900 5341 727,
1929 5268 1978 5347 qui
2006 5266 2076 5327 dicit
2097 5274 2245 5330 Mosella·

640 5370 690 5441 75)
712 5365 904 5427 V.Marci15.
925 5371 970 5442 13,
987 5366 1149 5427 Lucae23.
1165 5366 1389 5438 21,10h.19.6.
1432 5366 1491 5425 bsh.
1534 5364 1596 5425 Sed
1617 5366 1667 5424 alii
1689 5365 1762 5423 alias
1783 5364 1866 5425 verbi
1886 5366 1994 5428 formas
2015 5366 2134 5429 babent.

640 5467 689 5535 76)
711 5466 774 5544 Ita,
806 5464 886 5544 quod
906 5464 981 5525 liber
1002 5484 1054 5522 ma.
1076 5462 1170 5535 dedit,
1191 5464 1390 5541 Ponmoyson,
1495 5466 1545 5537 78)
1573 5465 1660 5523 Nunc
1693 5464 1761 5522 'Ain
1795 5466 1952 5540 Honlyels:
2000 5464 2058 5525 vid.
2095 5466 2247 5529 Robinson

576 5560 796 5622 emendavimus
822 5563 897 5623 duce
925 5562 1056 5623 Toblero
1080 5562 1211 5642 Topogr.
1241 5586 1267 5625 v.
1288 5562 1389 5623 Jerus.
1432 5560 1548 5623 Neuere
1570 5562 1690 5621 Forsch.
1712 5584 1742 5642 p.
1764 5566 1832 5623 347.

575 5661 600 5722 Ι.
626 5666 684 5722 449
707 5681 729 5722 a.
753 5670 823 5720 nota
847 5668 878 5738 1,
909 5661 959 5721 ubi
981 5660 1086 5721 dicitur
1106 5663 1137 5718 la
1157 5661 1331 5719 Pasmoison
1355 5664 1390 5719 de
1495 5664 1544 5735 79)
1571 5662 1659 5720 Nunc
1693 5662 1760 5719 Beit
1795 5662 1969 5737 Scldrijeh:
2007 5662 2065 5723 rid.
2094 5664 2245 5725 Robinson

575 5762 607 5819 lo
635 5760 748 5835 Vierqe.
790 5760 845 5819 Dat
875 5761 999 5820 ecclesia
1026 5759 1057 5821 S.
1079 5760 1203 5834 Mariae,
1230 5779 1251 5820 s.
1281 5760 1390 5839 apasmi
1432 5758 1547 5818 Nauere
1569 5759 1780 5836 Forsehungsn
1802 5781 1829 5839 p.
1853 5766 1920 5821 372.

576 5857 607 5919 S.
628 5859 749 5919 Mariae.
1495 5860 1544 5931 80)
1567 5857 1603 5918 V.
1625 5858 1777 5919 Robinson
1799 5860 1967 5919 Palaestina
1987 5859 2043 5921 III.
2072 5862 2136 5921 193.

639 5962 689 6031 77)
711 5956 884 6035 Legendum
912 5968 957 6016 est
987 5958 1154 6016 Messalille.
1202 5955 1247 6017 cf.
1277 5957 1391 6017 Tobler
1497 5961 1546 6029 81)
1568 5954 1634 6017 Vid.
1657 5956 1757 6017 Lucae
1779 5956 1802 6016 Ι.
1827 5964 1873 6017 tc.
1898 5962 1944 6019 68.
