5284 7042
1413 708 1469 773 tes

602 890 767 980 sepulture
789 890 896 977 elegit,
918 911 991 953 cnm
1012 886 1116 953 Filius
1137 888 1217 967 eius,

1142 1024 1247 1087 „quem
1267 1014 1353 1079 terrm
1373 1016 1490 1087 pontus,
1511 1006 1613 1067 etlrnrs

1146 1104 1253 1175 colunt,
1274 1103 1407 1178 adorant,
1429 1102 1707 1185 pretiosorum),

599 1223 634 1287 in
657 1230 729 1287 orto
751 1219 904 1306 dignatus
927 1218 1025 1283 fuerit
1046 1215 1185 1303 sepeliri

567 1352 579 1404 t
723 1336 784 1401 lx
824 1335 906 1400 Inde
927 1331 1181 1398 conscendentes
1201 1344 1323 1394 montem
1344 1336 1445 1395 miseri
1464 1332 1603 1399 uidimus
1626 1332 1791 1400 castellum
1808 1341 1990 1419 Betiplope,
2011 1334 2054 1401 de
2073 1356 2137 1422 quo
2152 1330 2273 1397 Mathe·

600 1452 710 1527 us²³⁶)
730 1451 793 1517 ait:
824 1454 895 1515 mm
923 1452 1183 1531 appropinquaret
1208 1452 1294 1509 Issus
1311 1452 1519 1529 lerosolymam
1547 1460 1576 1510 et
1596 1452 1724 1511 assaret
1748 1456 1921 1532 Bstlpdops
1949 1458 1991 1515 od
2018 1464 2141 1515 montem
2169 1452 2273 1522 mma

566 1571 678 1637 smmis
700 1573 783 1634 duos.
825 1566 865 1631 ln
893 1586 1018 1631 sommo
1043 1564 1162 1629 montis
1181 1562 1324 1627 uidimus
1344 1563 1408 1628 duo
1430 1562 1575 1629 claustra
1597 1562 1777 1649 destructa,
1804 1588 1941 1653 quorum
1969 1590 2067 1633 unum
2088 1566 2273 1633 edificnmm

567 1692 651 1751 test
678 1683 712 1746 in
741 1704 779 1747 co
805 1681 891 1763 loco,
920 1682 1038 1767 inquo
1060 1678 1222 1743 Dominus
1243 1678 1357 1743 orauit.
1399 1682 1440 1739 Et
1453 1686 1562 1755 foetas
1588 1692 1632 1743 est
1659 1684 1720 1745 illic
1746 1686 1839 1745 sudor
1860 1688 1920 1747 dos
1942 1694 2084 1765 tanquam
2103 1694 2186 1763 poste
2206 1702 2273 1743 sns-

566 1801 698 1879 spm'sis
724 1804 909 1860 decurrentis
938 1799 970 1857 m
998 1806 1111 1857 terram
1121 1794 1189 1869 ²³⁷).
1232 1790 1333 1858 Aliud
1360 1814 1438 1859 vero
1466 1794 1648 1861 edificatum
1677 1806 1727 1861 est
1748 1819 1845 1885 super
1866 1796 1973 1864 locum
2002 1796 2114 1880 illum,
2148 1792 2190 1859 de
2212 1814 2273 1883 quo

566 1914 760 1980 tDominus
781 1918 945 1975 ascendens
965 1914 997 1973 irs
1019 1915 1109 1971 auum
1130 1915 1280 1988 captiuum
1299 1914 1385 1971 ducit
1403 1914 1606 1990 captiuitatem
1619 1911 1688 1989 ²³⁸).
1730 1913 1768 1978 ln
1791 1936 1853 2001 quo
1876 1936 1960 1979 nune
1982 1913 2139 2000 temporis
2161 1910 2273 1976 Sarra·

565 2024 732 2107 ocenusl)
761 2025 900 2093 infidelis
928 2024 971 2091 ad
997 2024 1151 2091 honorem
1170 2022 1339 2089 Mahomet
1366 2047 1458 2090 suum
1487 2027 1663 2092 oratorium
1690 2029 1962 2115 preparanit²³⁹).
2004 2028 2056 2094 De
2083 2026 2146 2092 hoc
2166 2034 2274 2089 monte

598 2146 705 2231 ipsam
727 2145 892 2209 ciuitatem
914 2141 1058 2230 perfecte
1078 2140 1289 2227 inspicientes
1311 2138 1452 2205 uidimus
1473 2142 1506 2207 in
1529 2164 1568 2207 ea
1588 2149 1723 2224 ternplum
1744 2148 1874 2223 Dentri,
1893 2144 1980 2232 quod
2001 2144 2133 2230 quidam
2154 2164 2197 2207 ex
2218 2162 2273 2206 an·

598 2260 689 2347 tiquo
715 2261 857 2325 nomine*
876 2262 1045 2321 &ommis
1072 2254 1254 2343 appellant,
1284 2277 1349 2320 nou
1376 2255 1577 2323 attendentes
1606 2259 1711 2345 ipsum
1737 2258 1944 2327 Hierusalem
1970 2282 2042 2327 cum
2074 2281 2130 2323 suo
2152 2252 2271 2343 templo

565 2376 699 2441 ‘tfuisse
726 2373 936 2439 destructam.
977 2372 1017 2436 In
1045 2394 1110 2459 qno
1140 2369 1289 2435 dominus
1311 2370 1543 2451 Soldsnus²⁴⁰)
1571 2376 1747 2441 oratorium
1777 2375 1840 2443 sibi
1862 2385 1895 2442 et
1916 2378 1983 2443 suis
2005 2372 2274 2441 solemnissimum

599 2489 778 2573 ordinauit,
798 2492 832 2556 in
853 2489 942 2577 quod
964 2489 1053 2553 ciues
1073 2488 1177 2575 ipsius
1196 2486 1337 2553 ciuitatis
1361 2490 1446 2554 omni
1468 2488 1551 2553 feria
1573 2498 1666 2555 serta
1686 2489 1838 2557 iubentur
1859 2492 2032 2559 conuenire
2052 2500 2084 2557 et
2105 2486 2272 2554 Mshomet

566 2618 582 2671 0
599 2604 746 2671 odorare.
789 2606 887 2671 qutn
907 2604 988 2670 illud
1008 2602 1239 2689 assignabetur
1260 2602 1354 2669 nobis
1371 2608 1532 2683 probatica
1551 2608 1682 2685 piscina,
1704 2630 1757 2689 que
1781 2614 2004 2690 ropnoms'notar
2026 2610 2163 2671 lclrmce
2183 2607 2272 2666 Bell·

566 2725 702 2797 ascida,
729 2725 854 2804 quisque
879 2724 1015 2801 porticus
1043 2724 1154 2782 labens
1163 2719 1192 2760 ²⁴
1200 2719 1232 2795 ¹).
1274 2718 1329 2783 Ex
1358 2718 1506 2807 predicta
1533 2721 1712 2789 eminencia
1741 2723 1850 2790 oliueti
1880 2724 2109 2811 perspeximus
2131 2730 2271 2787 montem

599 2839 689 2917 Sion,
717 2838 788 2925 qui,
817 2847 853 2903 ut
881 2849 956 2902 aute
986 2836 1095 2922 tetigi,
1125 2856 1210 2898 nunc
1230 2834 1405 2901 includitur
1426 2838 1528 2901 muris
1548 2838 1650 2924 ipsius
1671 2840 1829 2921 ciuitatis,
1858 2838 1915 2905 sed
1938 2850 2084 2925 tempore
2103 2836 2271 2902 Passionis
2335 2858 2339 2869 ·

551 2962 582 3013 10
599 2952 771 3017 Dominice
792 2952 1034 3019 excludebatur.
1076 2952 1115 3017 ln
1137 2973 1262 3017 summo
1284 2950 1381 3035 illius,
1403 2954 1481 3039 quia
1499 2950 1584 3017 letus
1606 2965 1656 3021 est
1677 2978 1778 3038 mons,
1800 2954 1936 3021 habetur
1959 2952 2122 3045 quoddam
2144 2951 2271 3037 largum

599 3079 632 3134 et
651 3066 821 3156 pulchrum
843 3078 977 3156 aspectu
998 3065 1178 3149 cenobium,
1199 3068 1233 3132 in
1255 3087 1318 3154 quo
1339 3076 1470 3132 manent
1490 3069 1594 3133 eciam
1618 3068 1764 3147 Susiani,
1790 3069 1979 3137 Sarracenis
2006 3069 2189 3151 tributarii,
2218 3066 2271 3155 qai

599 3185 781 3271 peregrinis
802 3182 879 3250 illuc
900 3180 1103 3250 uenientibus
1125 3193 1307 3248 monstrent
1328 3182 1432 3248 locum
1442 3230 1451 3265 ,
1473 3186 1507 3249 in
1528 3208 1592 3272 quo
1613 3186 1775 3251 Dominus
1797 3188 1927 3253 cenassit
1947 3208 2018 3253 cum
2042 3188 2109 3254 suis
2131 3184 2271 3271 discipu·

598 3298 640 3363 lis
661 3311 693 3366 et
713 3323 859 3367 mensem
879 3299 986 3381 illam,
1015 3300 1050 3363 in
1077 3320 1142 3384 qua
1163 3297 1324 3364 Dominus
1346 3298 1436 3363 lesus
1459 3298 1608 3369 Christus
1636 3300 1771 3367 tradidit
1799 3302 1946 3390 corporis
1974 3314 2006 3367 et
2032 3303 2200 3389 sanguinis
2223 3300 2271 3365 sui

599 3418 755 3503 mysteria
788 3415 1001 3496 celebranda,
1033 3424 1066 3479 et
1095 3412 1302 3502 peluimffl),
1336 3435 1412 3497 uas,
1447 3416 1480 3479 in
1515 3438 1579 3502 quo
1600 3416 1760 3485 Dominus
1790 3416 1870 3483 lenit
1896 3415 1996 3504 pedes
2026 3414 2270 3503 discipulorum,
2306 3412 2307 3417 ’

549 3553 578 3604 11
599 3532 783 3620 exemplum
805 3531 887 3598 dens
908 3531 1075 3611 ministris,
1097 3540 1130 3595 et
1148 3534 1244 3591 sciens
1265 3533 1338 3611 quid
1349 3534 1492 3607 severim)
1515 3532 1635 3611 eis²⁴³).
1670 3533 1714 3599 Et
1736 3534 1858 3613 scitote,
1880 3530 1988 3623 quisi)
2009 3534 2044 3597 in
2063 3540 2172 3596 monte
2192 3530 2271 3597 Sion

598 3657 669 3713 erat
697 3648 858 3736 hospitale
886 3648 956 3712 siue
974 3644 1089 3711 domus
1108 3644 1184 3727 illa,
1211 3643 1376 3732 adquam
1402 3647 1496 3713 iuxtn
1521 3647 1639 3713 librum
1661 3647 1915 3715 Machabeorum
1927 3647 1985 3727 ²⁴⁴)
2013 3654 2062 3709 uir
2083 3650 2271 3725 fortissimus

548 3770 580 3823 tt
598 3768 693 3825 Indos
722 3768 877 3827 collatione
897 3750 991 3840 suala
1013 3766 1163 3825 duodecim
1190 3766 1283 3823 millio
1315 3768 1475 3827 drnclsmus
1496 3773 1614 3846 arpenti
1634 3769 1711 3829 misit
1733 3770 1969 3845 Hierosolymam
1990 3768 2105 3845 offerri.
2147 3764 2271 3852 Inque

549 3878 806 3967 inpostmodum
832 3877 993 3966 hospitale
1020 3878 1123 3941 sancti
1144 3876 1366 3957 Iohannis²⁴³)
1395 3878 1457 3944 fuit
1485 3878 1677 3947 edificatum
1720 3881 1758 3947 ln
1785 3881 1847 3947 hec
1867 3881 1971 3946 eciem
1992 3879 2088 3947 domo
2112 3877 2269 3965 discipuli

601 4004 677 4082 post
701 3995 890 4059 Passionem
917 3994 1084 4059 latitantes
1114 4004 1147 4059 et
1183 3993 1302 4059 clausis
1336 3993 1462 4059 foribus
1497 3998 1724 4063 conuenientes
1753 3998 1858 4084 ipsum
1891 3996 2069 4062 Dominum
2098 3996 2271 4061 conuenire

598 4122 786 4179 meruerunt
816 4122 900 4175 teste
921 4110 1081 4192 Iohanne,
1112 4110 1166 4197 qui
1195 4108 1275 4174 dicit
1287 4110 1364 4187 ²⁴⁸):
1401 4112 1471 4173 C'um
1497 4134 1564 4175 sero
1593 4124 1668 4175 essct
1690 4117 1737 4175 die
1759 4115 1809 4176 ttto
1830 4136 1891 4175 urta
1911 4115 2112 4181 sabbatorum,
2143 4126 2169 4175 st
2181 4122 2271 4189 sores

549 4238 581 4289 1⁴
597 4241 692 4292 essent
722 4234 836 4303 clause,
865 4232 914 4289 uli
941 4239 1029 4289 cram
1057 4230 1197 4307 discipuli
1224 4230 1396 4307 conprepati
1416 4238 1545 4307 propter
1576 4240 1678 4291 metum
1698 4232 1869 4307 ludsorum,
1903 4232 1982 4291 uertit
2004 4232 2098 4293 lesus.
2131 4262 2172 4273 -—
2206 4225 2272 4293 Istc

597 4347 700 4409 eciam
721 4342 810 4409 locus
831 4358 920 4426 erat,
951 4344 985 4407 in
1007 4364 1070 4429 quo
1094 4340 1246 4428 discipuli
1266 4344 1388 4429 pariter
1417 4343 1450 4407 iu
1472 4341 1585 4409 eodem
1614 4342 1686 4410 loco
1707 4354 1903 4431 acceperunt
1925 4342 2084 4431 Spiritum
2106 4341 2272 4409 Sanctum.

548 4474 579 4523 tt
597 4458 693 4526 Unde
714 4470 806 4525 actus
828 4457 1049 4545 apostulorum
1069 4456 1261 4535 dicunt²⁴⁷):
1296 4459 1367 4521 cum
1390 4464 1607 4539 complerentur
1628 4463 1691 4523 dies
1705 4472 1905 4541 pentecostes,
1934 4474 2020 4523 eraut
2043 4480 2141 4521 omncs
2162 4456 2271 4535 (disci-

664 4625 692 4693 s)
710 4624 770 4678 Hos
788 4638 883 4678 versus
898 4638 958 4677 esse
976 4638 1033 4675 non
1050 4620 1120 4675 vidit
1137 4619 1257 4674 Allstius
1277 4638 1299 4677 s.
1313 4618 1454 4677 Nihusius.
1468 4650 1500 4662 -·
1517 4621 1547 4693 b)
1566 4622 1679 4693 quidam
1697 4622 1776 4678 Sorr.
1794 4621 1844 4677 Ed.
1856 4637 1899 4692 pr.
1914 4652 1944 4663 -
1963 4624 1991 4689 c)
2003 4622 2124 4693 secer-im
2141 4620 2228 4677 Bao.
2239 4652 2272 4663 -

731 4708 762 4778 d)
778 4705 873 4762 Verba
888 4706 984 4760 scitoto
1001 4704 1068 4774 quia
1084 4721 1137 4758 om.
1155 4704 1208 4759 Ed.

657 4882 729 4954 235)
745 4874 916 4955 predicant]
937 4875 974 4935 In
986 4874 1023 4935 L.
1038 4874 1140 4933 Allatii
1155 4872 1335 4951 Συμμίκτοις
1349 4894 1412 4935 ver·
1517 4879 1588 4951 240)
1611 4876 1770 4953 domamus]
1802 4874 1838 4935 V.
1857 4876 1970 4937 Tables
1992 4874 2123 4956 Topogr.
2148 4878 2172 4936 I.
2202 4882 2272 4939 stt.

596 4998 646 5037 sus
669 4978 700 5037 hi
728 4973 856 5035 fflsdncti
888 4993 947 5033 non
975 4982 1050 5035 sunt
1100 4971 1136 5034 V.
1166 4971 1275 5033 Daniel
1299 4972 1323 5033 1.
1356 4975 1412 5034 172
1456 4972 1553 5053 Vulgo
1574 4973 1666 5035 Omsr
1690 4974 1857 5035 moscheam
1883 4994 2022 5053 megum
2048 4974 2161 5033 Harum
2189 4972 2273 5038 etelr-

595 5076 652 5135 No.
676 5074 822 5135 CXLIV:
1457 5071 1583 5133 Scherdf
1601 5074 1768 5135 condidisse
1788 5072 1918 5136 traditur.

763 5201 845 5264 Qua,
859 5208 943 5267 pm,
953 5205 1064 5270 pom,
1080 5198 1191 5253 „am
1519 5176 1591 5247 241)
1612 5174 1731 5251 labens]
1752 5170 1815 5235 Ioh.
1837 5172 1874 5245 V,
1899 5176 1917 5234 2
1939 5194 1955 5233 e
1975 5170 2064 5249 Vulg.

762 5284 860 5347 colona
879 5285 1007 5349 odoram
1021 5282 1197 5352 praedicant,
1519 5276 1591 5343 242)
1609 5272 1729 5349 peluim]
1750 5272 1812 5332 lolu
1833 5272 1924 5345 XIII,
1945 5276 1962 5331 5
1985 5290 2048 5350 sqq.

762 5368 863 5422 irim
881 5372 1022 5437 ”gemm
1041 5364 1198 5419 mellum
1519 5375 1590 5445 243)
1603 5371 1725 5449 fecerit]
1746 5370 1811 5432 Ioh.
1833 5370 1923 5443 XIII,
1947 5373 1999 5432 12:
2029 5367 2115 5430 Scitis
2138 5369 2208 5449 quid
2230 5370 2272 5431 t'e·

761 5452 913 5505 ‘mmm
931 5449 1037 5504 M⁸¹i⁸⁰
1054 5448 1169 5503 ΜΝ·
1456 5470 1543 5529 ocrim
1559 5468 1666 5529 vobis?
1687 5468 1787 5543 Quare
1798 5468 1915 5529 fecerim
1927 5468 1958 5527 in
1970 5468 2073 5528 fecerit
2086 5468 2272 5532 mutsvimus.

659 5576 731 5646 236)
752 5572 900 5648 llotltcusl
921 5570 1012 5643 xxi,
1035 5577 1062 5633 1.
1518 5570 1589 5642 244)
1611 5567 1850 5645 Mooladsorum]
1871 5568 1903 5627 11
1924 5566 1964 5629 M.
1985 5566 2059 5639 XII,
2082 5570 2130 5627 42.
2154 5571 2201 5628 43.

658 5676 730 5744 237)
752 5672 784 5729 irs
806 5670 925 5747 terrum]
949 5671 1020 5732 Luc.
1042 5668 1149 5741 XXII,
1171 5674 1219 5732 44.
1517 5670 1589 5741 245)
1611 5669 1692 5744 losp.
1718 5688 1741 5727 s.
1761 5666 1916 5744 totamm]
1945 5664 2059 5726 Tobler
2085 5663 2219 5744 Topogr.
2246 5664 2272 5727 I.

656 5773 729 5846 238)
752 5768 965 5846 captiuitatem]
985 5768 1063 5850 Dph.
1084 5765 1138 5841 IV,
1159 5771 1188 5829 8.
1455 5770 1513 5827 400
1535 5786 1597 5847 sqq.

655 5872 728 5943 239)
744 5866 938 5945 preparatis]
961 5865 1007 5929 cf.
1029 5864 1144 5927 Tabler
1160 5864 1292 5947 Siloalsq.
1306 5887 1335 5947 p.
1356 5872 1409 5929 tot
1517 5871 1590 5941 240)
1611 5865 1761 5943 quietim]
1782 5864 1854 5938 XX,
1878 5870 1923 5926 19.

594 5981 653 6030 not.
675 5976 704 6030 9.
1517 5968 1589 6039 247)
1610 5965 1720 6041 dicunt]
1740 5965 1782 6038 II,
1807 5971 1831 6027 l.
1855 5968 1882 6026 2.
