5284 7042
1211 736 1270 799 133

409 910 609 999 frequenter
638 922 743 977 autem
772 922 885 977 emunt
909 914 1011 978 eciam
1043 910 1170 977 acbuos
1197 910 1409 995 christianos,
1440 912 1494 999 qni
1522 908 1705 975 detinentur
1733 910 1856 997 captiui
1878 908 1966 997 apud
1988 910 2111 997 ipsoss

406 1026 615 1108 Sarracenos,
635 1038 668 1093 et
689 1026 809 1093 ducunt
829 1050 885 1093 eos
904 1026 947 1093 ad
968 1029 1161 1093 cimiterium
1182 1037 1216 1092 et
1234 1027 1360 1093 dicunt:
1382 1026 1467 1109 „Tot
1486 1026 1609 1093 redimo
1630 1048 1690 1113 pro
1712 1026 1820 1091 anima
1841 1026 1944 1113 patris
1964 1026 2026 1090 mei
2046 1034 2079 1089 et

406 1152 454 1207 tot
477 1165 537 1230 pro
558 1143 668 1207 anima
689 1144 803 1207 matris
818 1144 920 1225 mee“,
942 1154 975 1208 et
996 1142 1076 1209 dant
1096 1144 1143 1207 eis
1163 1140 1289 1207 litteras
1309 1142 1470 1207 libertatis
1493 1154 1524 1207 et
1546 1140 1710 1207 dimittunt
1731 1164 1797 1207 eos.
1838 1140 1977 1229 Propter
1999 1146 2111 1227 pau-⁶

406 1280 503 1345 perca
530 1272 656 1340 autem,
682 1258 738 1344 qui
759 1280 824 1323 uon
844 1268 981 1346 possunt
1001 1258 1161 1325 redimere
1193 1256 1352 1341 selauum,
1379 1260 1442 1345 ipsi
1465 1256 1637 1323 Sarraceni
1672 1267 1803 1346 portant
1829 1280 1887 1345 per
1915 1256 2076 1322 ciuitatem

406 1396 485 1439 aues
506 1376 691 1439 incaucatas
711 1384 743 1439 et
763 1375 911 1461 captiuas
932 1376 966 1440 iu
987 1376 1114 1457 caucis,
1140 1386 1174 1439 et
1201 1372 1356 1441 clumam:
1386 1374 1490 1455 „Quis
1511 1373 1566 1438 wlt
1593 1376 1672 1439 istas
1694 1396 1771 1439 aues
1792 1396 1898 1439 emere
1919 1384 1950 1437 et
1972 1370 2077 1437 dimit·

406 1501 475 1555 tere
499 1488 620 1556 liberas
651 1512 710 1577 pro
730 1490 839 1555 anima
860 1492 964 1577 patris
984 1490 1088 1556 sui?“
1115 1488 1159 1555 Et
1185 1512 1346 1578 pauperes
1375 1502 1483 1556 emunt
1505 1512 1561 1555 eas
1585 1501 1616 1555 et
1635 1488 1799 1555 dimittunt
1820 1512 1875 1555 aas
1897 1486 2005 1569 abire,
2035 1510 2075 1551 ns
2096 1500 2109 1549 1

406 1608 517 1671 anima
543 1606 647 1693 patris
670 1606 719 1671 sui
739 1604 922 1671 detineatur
941 1607 1080 1694 captiua

530 1753 599 1841 lpsi
625 1756 728 1819 eciam
754 1754 876 1820 laclmtt
904 1766 1096 1819 testamenta
1117 1777 1177 1842 pro
1199 1753 1333 1819 canibus
1355 1753 1554 1837 nutriendis,
1585 1768 1616 1819 ct
1637 1758 1671 1819 in
1693 1753 1895 1835 ciuitatibus,
1927 1752 1983 1817 vbi
2006 1764 2111 1821 sunta

407 1868 500 1935 multi
521 1892 635 1951 cauca,
667 1871 751 1935 sicut
771 1872 804 1935 in
825 1869 992 1937 Thurchia
1012 1882 1045 1935 et
1064 1872 1097 1935 iu
1118 1870 1252 1936 Perside
1271 1881 1304 1934 et
1325 1870 1359 1935 in
1379 1868 1540 1953 Buldaco,
1571 1871 1769 1951 iuueuimus,
1797 1868 1882 1957 quod
1906 1890 2002 1933 canes
2023 1868 2076 1933 hu·

408 1983 528 2050 bebaut
549 1984 705 2073 quosdam
727 1999 966 2073 procuratores,
987 1988 1042 2072 equi
1063 1988 1232 2071 requirunt
1252 1997 1445 2051 testamenta
1467 1986 1580 2051 relicta
1602 2010 1661 2074 pro
1679 1984 1822 2067 canibus,
1845 1994 1877 2049 ct
1891 1987 1924 2049 in
1940 1984 2078 2049 ciuitati·

408 2099 485 2181 bus,
511 2100 640 2187 quaudo
668 2100 823 2167 deficiunt
851 2113 1059 2183 testamenta,
1088 2116 1225 2188 querum
1253 2102 1460 2167 elemosinam
1491 2124 1549 2188 per
1580 2102 1745 2165 ciuitatem
1774 2112 1806 2165 ct
1827 2098 1975 2165 diuidunt
1995 2100 2079 2163 inter

408 2238 517 2281 cauea.
565 2216 700 2282 Mittunt
729 2218 832 2283 eciam
861 2216 981 2283 bonam
1007 2218 1216 2283 elemosinam
1242 2218 1283 2283 dc
1311 2241 1396 2305 panc
1427 2240 1486 2305 pro
1516 2218 1631 2283 unibus
1662 2216 1863 2297 fluuialibus,
1900 2238 1961 2304 quc
1990 2226 2113 2281 certat

409 2332 490 2397 hora
509 2344 749 2419 congregantur
771 2332 814 2399 ad
835 2334 974 2399 sonitum
996 2344 1120 2399 cortuus
1136 2336 1207 2415 ¹⁸⁷),
1230 2334 1324 2399 etde
1346 2334 1428 2421 ipsis
1450 2334 1655 2419 congregatis
1678 2334 1838 2419 proiciunt
1861 2330 2077 2395 elemosinam.

407 2446 453 2512 Et
479 2446 541 2513 boc
568 2448 749 2513 insanimus
769 2452 913 2513 maxime
939 2452 972 2514 in
994 2448 1137 2515 Baldaco
1167 2462 1200 2515 ct
1227 2451 1261 2516 in
1281 2451 1412 2525 Niniue,
1442 2452 1573 2515 ciuitate
1600 2448 1726 2537 grandi.
1770 2448 1806 2512 ln
1829 2446 1973 2513 Baldaco
2001 2468 2078 2509 vcro
2099 2432 2129 2549 {if

407 2562 454 2629 ibi
474 2564 684 2629 instituuntur
703 2563 793 2629 multi
815 2577 948 2654 propter
969 2567 1146 2631 maximum
1168 2565 1319 2632 calorem.
1362 2566 1493 2631 Habent
1520 2566 1604 2631 enim
1627 2566 1718 2631 iuxta
1741 2564 1902 2629 ciuitatem
1933 2560 2078 2647 pulcher·
2099 2578 2129 2629 11

406 2678 529 2745 rimam
550 2676 656 2745 locum
677 2702 736 2767 pro
755 2682 836 2767 ipsis
857 2684 964 2765 fatuis,
986 2694 1018 2747 et
1038 2680 1229 2769 prouidetur
1251 2684 1299 2747 eis
1321 2684 1442 2767 optime
1467 2682 1499 2747 in
1522 2682 1682 2747 communi
1704 2676 1744 2743 dc
1767 2678 1838 2743 cibo
1864 2692 1894 2742 et
1915 2677 2077 2743 acruitori·

408 2792 469 2859 bus
492 2806 525 2859 et
544 2808 704 2883 oportuno
725 2796 860 2879 medico,
883 2796 999 2884 quibua
1021 2796 1157 2863 solvitur
1177 2820 1198 2863 a
1219 2800 1390 2863 communi.

562 3026 686 3093 xxvl.
727 3028 791 3093 DE
811 3028 1099 3095 REUERENCIA
1122 3028 1483 3095 sanlmcssn'ont'tl
1500 3032 1553 3096 ¹⁵⁸}
1574 3028 1638 3093 AD
1661 3024 1817 3091 NOMEN
1839 3024 1929 3089 DEl.

532 3176 763 3242 Reuerenciam
794 3200 872 3244 vero
904 3180 1081 3243 maximam
1117 3178 1236 3245 babent
1264 3179 1438 3244 Sarraceni
1469 3178 1511 3244 ad
1545 3200 1660 3243 nomen
1688 3176 1751 3241 Dei
1786 3188 1816 3239 ct
1843 3174 2019 3261 prophetas
2046 3185 2107 3241 ett

408 3304 539 3357 sanctos
561 3304 592 3357 et
613 3290 687 3357 loca
705 3306 827 3358 sancta
870 3294 953 3359 Nam
972 3298 1114 3360 maxime
1135 3294 1310 3361 obseruaut
1320 3346 1330 3377 ,
1358 3294 1444 3383 quod
1466 3292 1564 3359 nichil
1586 3291 1729 3357 notabile
1751 3292 1873 3357 iaciunt
1894 3290 1945 3355 vel
1966 3288 2077 3355 dicunt
2095 3300 2110 3351 1

407 3408 459 3475 vel
481 3406 636 3491 scribunt,
658 3408 744 3495 quod
765 3432 830 3474 nou
852 3411 1011 3497 incipiunt
1030 3434 1051 3475 a
1073 3412 1203 3477 nomine
1224 3412 1366 3477 Domini.
1410 3410 1503 3477 Vnde
1525 3412 1557 3473 in
1581 3410 1647 3473 suis
1669 3408 1785 3473 litteris
1807 3406 1974 3489 omnibus,
1996 3418 2110 3491 (quast

408 3523 470 3589 sibi
492 3526 630 3590 inuicem
652 3525 802 3607 mittunt,
823 3538 1009 3591 rcucrcuter
1029 3548 1146 3591 nomen
1166 3526 1231 3591 Dei
1253 3525 1399 3593 scribunt
1420 3530 1511 3614 prius
1518 3574 1527 3609 ,
1550 3536 1582 3591 ct
1602 3524 1676 3589 idco
1698 3522 1870 3609 diligenter
1892 3522 2077 3602 obseruant,

407 3638 494 3727 quod
520 3638 642 3705 nullum
671 3641 828 3727 scriptum
855 3640 1012 3707 dilanient
1039 3642 1091 3707 ecl
1121 3643 1155 3707 in
1186 3654 1308 3707 terrum
1336 3644 1507 3730 proiciunt.
1551 3642 1587 3709 Si
1617 3652 1723 3705 autem
1745 3642 1778 3705 in
1802 3654 1889 3705 terra
1909 3640 2108 3709 inueniuntt

406 3754 531 3845 aliquid
551 3756 592 3821 de
613 3768 705 3821 carta
726 3758 903 3843 scriptum,
925 3770 1111 3823 reuerentcr
1132 3756 1286 3843 colligunt
1307 3770 1340 3823 et
1361 3772 1484 3847 ponunt
1506 3761 1538 3825 in
1559 3758 1629 3825 loco
1652 3756 1717 3821 alto
1741 3756 1774 3821 in
1796 3756 1920 3821 fissuris
1934 3758 1988 3829 ¹⁸⁹)
2009 3776 2075 3819 mu·

406 3896 532 3951 rorum,
559 3894 600 3937 no
626 3894 743 3937 nomeu
766 3870 899 3937 Domini
929 3870 1142 3939 conctdcetur.
1186 3874 1326 3955 Quando
1355 3890 1462 3941 autem
1490 3898 1607 3941 nomen
1629 3874 1764 3939 Domini
1786 3874 1927 3939 occurrit
1958 3873 2004 3937 eis
2025 3870 2110 3943 cels

405 3986 543 4073 legendo
564 3987 616 4052 vcl
633 3986 804 4076 loquendo,
824 4011 998 4075 numquam
1018 4001 1104 4055 esset
1124 4012 1223 4055 ausus
1237 3992 1293 4069 ¹⁹⁰)
1312 3992 1419 4079 ipsum
1441 3992 1610 4057 nominare
1633 3988 1752 4069 solum,
1774 3988 1831 4053 scd
1854 4010 1982 4075 semper
2003 4010 2076 4053 cum

406 4118 496 4169 certa
516 4100 627 4186 laude,
654 4104 777 4169 scilicet
798 4104 912 4187 „Deus
932 4103 1083 4171 laudetur
1104 4106 1222 4193 ipsc!“
1252 4104 1305 4169 rel
1333 4106 1456 4194 aliquid
1478 4105 1550 4172 tale.
1595 4108 1629 4171 Si
1652 4106 1725 4191 quis
1747 4117 1855 4169 autem
1877 4104 2111 4177 Sarracenuse

405 4218 514 4285 Deum
543 4216 594 4283 vel
622 4218 763 4307 aliquem
791 4219 833 4285 de
859 4220 1026 4309 prophetis
1054 4222 1125 4287 cius
1156 4219 1415 4309 blasphemaret,
1443 4244 1617 4309 numquam
1646 4244 1718 4285 curn
1749 4222 1858 4285 viuere
1881 4232 2076 4307 paterentur.

407 4336 498 4403 Loca
523 4357 601 4400 vcro
628 4348 756 4418 sancta,
784 4334 873 4401 uelut
894 4358 1004 4401 eorum
1028 4336 1201 4419 ecclosias,
1228 4360 1356 4426 semper
1388 4336 1601 4403 mimdissima
1624 4352 1772 4413 seruant,
1803 4360 1862 4401 nec
1887 4336 1932 4401 ibi
1954 4336 2109 4403 intrautt

407 4454 470 4519 uisi
498 4450 637 4539 pedibus
666 4450 880 4531 discalciatis,
911 4474 970 4517 uec
999 4474 1151 4541 umquam
1172 4450 1219 4517 ibi
1240 4468 1377 4541 spuunt,
1404 4476 1463 4520 ncc
1486 4476 1558 4519 curn
1581 4453 1626 4519 ibi
1649 4452 1762 4519 sedent
1784 4476 1855 4518 cum
1877 4452 2007 4517 natibus
2023 4454 2077 4527 ¹⁹¹)

407 4590 507 4655 super
537 4566 698 4633 calcaneis
724 4569 806 4649 suis,
837 4577 868 4632 et
895 4570 943 4633 ita
962 4569 1182 4634 assucsaciuut
1202 4571 1315 4635 sedere
1338 4568 1491 4657 purutslos
1514 4594 1603 4651 snos,
1636 4592 1676 4633 nc
1699 4580 1812 4657 postca
1833 4570 2009 4655 fatigentur
2030 4568 2076 4631 sic

406 4682 540 4749 multum
561 4680 675 4747 sedere
697 4684 729 4747 iu
749 4682 895 4749 ecelesia.

631 4882 769 4947 xxt'u.
813 4880 876 4947 DE
898 4880 1162 4949 GRAl'lTATE
1185 4882 1548 4949 sannacaxont‘tt
1572 4884 1617 4949 lx
1639 4882 1845 4951 Mottllttffs.

530 5030 638 5097 Tanta
663 5044 713 5095 cst
738 5032 786 5095 eis
807 5034 954 5118 manitas
975 5034 1009 5097 iu
1032 5032 1193 5114 moribus,
1225 5032 1312 5120 quod
1339 5056 1513 5119 numquam
1534 5032 1660 5097 videbis
1683 5032 1845 5099 hominem
1868 5054 2074 5097 sarracenum
2096 5042 2106 5091 1

405 5148 605 5215 incedentem
631 5152 739 5235 capite
766 5146 892 5213 clcuato
921 5148 972 5213 vel
998 5146 1191 5214 sublimibus
1221 5146 1341 5227 oculis,
1371 5146 1421 5213 sel
1449 5148 1532 5214 collo
1554 5166 1660 5215 erecto
1684 5148 1734 5213 cel
1758 5166 1888 5236 pectore
1912 5162 2001 5213 tenso
2023 5147 2073 5213 vel

404 5262 591 5351 nauigando
612 5262 765 5345 brachiis,
788 5264 845 5329 sed
867 5265 995 5331 incessu
1017 5279 1153 5344 maturo,
1176 5266 1259 5329 sicut
1282 5264 1416 5351 perlecti
1439 5264 1582 5351 religiosi
1604 5278 1635 5329 ct
1657 5286 1774 5349 graues
1796 5262 1950 5345 moribus,
1972 5266 2074 5331 eciam

405 5382 497 5469 pueri
519 5380 621 5467 parui.
665 5380 702 5445 ln
724 5378 872 5467 pluribus
893 5385 1004 5454 aunis,
1031 5380 1148 5468 quibus
1170 5404 1243 5447 curn
1265 5382 1312 5445 eis
1335 5394 1543 5445 conuersatus
1567 5404 1637 5445 sum
1659 5380 1692 5444 in
1715 5378 1849 5443 l‘ersidc
1870 5392 1900 5445 et
1922 5378 2108 5452 Baldaco‚t

404 5520 469 5563 nou
495 5495 601 5561 recolo
630 5520 681 5561 me
711 5496 843 5560 audisse
864 5496 961 5561 sentcl
983 5508 1111 5562 cantum
1133 5498 1306 5577 vanitatis,
1334 5496 1391 5561 scd
1414 5519 1543 5585 semper
1565 5506 1694 5561 cautum
1714 5494 1754 5559 dc
1779 5494 1873 5561 laude
1895 5496 1958 5561 Dei
1981 5496 2074 5561 etde

467 5702 536 5769 181)
564 5709 685 5759 certum
733 5696 872 5757 Fortasse
907 5696 1064 5777 legendum
1096 5709 1142 5757 est
1173 5718 1218 5755 co·
1325 5705 1393 5769 too)
1415 5700 1516 5773 nessus]
1538 5710 1636 5759 essent
1656 5700 1728 5766 ausi,
1749 5697 1899 5759 auderent.

400 5800 523 5875 pultum
1327 5802 1393 5868 tot)
1416 5796 1480 5857 Nec
1502 5818 1567 5857 cum
1589 5798 1629 5857 ibi
1647 5796 1767 5871 sedent,
1793 5816 1950 5877 numquam
1973 5796 2076 5857 sedern

470 5900 538 5967 rsa,
559 5898 740 5955 Sunuccnir
761 5897 797 5957 G.
1259 5896 1314 5957 uisi
1337 5914 1402 5955 cnm
1425 5896 1542 5957 natibus
1556 5908 1585 5955 et
1604 5918 1631 5977 q.
1655 5918 1678 5957 s.

471 5998 525 6053 lSil
559 5994 664 6063 fixuris
685 5994 721 6055 (i.
