5284 7042
1392 627 1431 688 72

572 804 606 868 in
628 825 692 890 qus
714 825 795 868 crux
817 803 878 868 luit
899 803 1044 880 tixs500).
1086 801 1132 867 Et
1159 811 1351 868 ueneranter
1377 802 1516 869 habetur
1537 825 1557 867 a
1577 801 1738 868 fidelibus.
1781 803 1885 885 Quem
1912 805 2016 870 eciam
2036 804 2144 871 locum
2167 826 2245 892 sepe

572 920 650 986 uidi.
693 921 769 1006 Ipse
797 920 899 984 esiam
921 917 1071 984 Christus
1098 917 1215 982 faeiem
1246 919 1345 982 uertit
1373 930 1488 984 contra
1514 917 1712 984 occidentem
1742 919 1886 1007 pendens
1912 923 1947 986 iu
1974 933 2087 1001 eruce,
2114 941 2178 984 non
2203 919 2246 984 ad

573 1039 729 1102 orientem
737 1041 775 1116 ⁸),
795 1045 829 1099 ut
849 1033 961 1098 uolunt
981 1032 1122 1120 quidem.
1166 1031 1263 1115 Quod
1284 1044 1375 1120 patet
1395 1056 1439 1099 ex
1459 1057 1513 1117 eo,
1544 1032 1631 1122 quod
1651 1055 1775 1120 uorago
1797 1033 1854 1100 illa
1875 1058 2009 1122 magna,
2032 1035 2073 1100 de
2093 1057 2157 1123 qua
2180 1035 2245 1099 dic-

572 1163 641 1218 tum
663 1163 712 1218 est
733 1172 843 1237 supra,
865 1171 927 1238 que
948 1149 1009 1214 fuit
1030 1148 1072 1214 ab
1094 1148 1260 1215 occidente
1282 1171 1342 1236 pro
1361 1149 1483 1215 fossato
1504 1151 1662 1232 ciuitatis,
1684 1160 1755 1215 erst
1776 1163 1862 1216 retro
1883 1173 2022 1234 crucem,
2045 1161 2076 1214 et
2089 1152 2122 1215 ia
2138 1151 2244 1236 ipsam

571 1269 633 1334 fuit
654 1290 736 1332 crux
756 1267 900 1352 proiecta
920 1275 952 1329 et
973 1263 1176 1351 postmodum
1195 1266 1343 1347 inuenta,
1365 1275 1402 1330 ut
1423 1265 1615 1330 dictumest
1636 1276 1721 1330 aute.

695 1381 798 1446 Mults
820 1380 937 1446 altaris
958 1391 1032 1446 sunt
1053 1381 1087 1445 in
1107 1379 1245 1446 00040οἰ0
1265 1381 1329 1444 ista
1351 1391 1384 1446 et
1403 1380 1555 1446 decenter
1577 1391 1703 1446 ornata.

697 1497 781 1562 Ante
812 1499 929 1562 ostium
962 1495 1160 1562 occidentale
1188 1496 1283 1562 huius
1310 1496 1445 1560 ecclesie
1470 1497 1550 1560 foris
1580 1507 1629 1560 est
1656 1495 1764 1578 locus,
1795 1497 1850 1562 nbi
1877 1501 1984 1560 Maria
2007 1499 2242 1580 Epyptiaca⁵⁰¹)

574 1637 670 1682 orans
694 1624 768 1678 sate
789 1614 964 1697 imaginem
986 1612 1079 1678 beate
1098 1614 1245 1698 uirginis,
1267 1634 1339 1677 cum
1361 1609 1516 1676 diuinitus
1536 1623 1661 1676 remota
1673 1613 1796 1695 fuisset,
1818 1611 1928 1678 uolens
1941 1614 2064 1678 intrare
2077 1611 2241 1702 templum,

508 1743 510 1748 '
574 1729 823 1796 consolationem
847 1752 905 1816 per
927 1751 1118 1816 responsum
1139 1727 1234 1793 beate
1254 1729 1392 1814 uirginis
1412 1730 1544 1814 recepit.

696 1845 776 1912 Inde
798 1843 1005 1933 procedendo
1035 1854 1149 1908 eontra
1169 1845 1284 1908 turrim
1306 1843 1419 1908 Dauid
1440 1854 1473 1908 et
1492 1854 1633 1908 montem
1654 1842 1733 1908 Sion
1762 1854 1811 1908 est
1830 1842 1939 1926 locus,
1970 1843 2027 1909 ubi
2048 1843 2090 1909 sb
2112 1843 2242 1908 Herode

574 1962 725 2050 Agrippa
752 1961 812 2026 fuit
841 1965 941 2023 beatus
963 1964 1089 2022 Iacobus
1117 1959 1359 2037 decollatus502).
1400 1959 1528 2024 Deinde
1560 1958 1666 2024 eundo
1694 1960 1728 2023 in
1753 1970 1894 2024 montem
1916 1958 1996 2025 Sion
2023 1961 2168 2047 reperies
2193 1965 2240 2022 do·

573 2102 650 2142 mam
674 2079 871 2159 0000100503),
893 2078 927 2140 in
947 2099 1012 2163 qua
1032 2074 1124 2141 ludei
1146 2075 1275 2141 Christo
1296 2073 1480 2156 illuserunt,
1503 2085 1534 2139 et
1553 2073 1674 2152 locum,
1700 2076 1735 2140 in
1758 2098 1820 2163 qno
1841 2078 1949 2162 ipsum
1970 2075 2171 2142 recluserunt
2192 2097 2242 2140 us·

575 2217 636 2283 que
658 2215 760 2270 mane,
784 2193 839 2280 qui
860 2193 950 2258 loeus
973 2215 1079 2255 carcer
1100 2191 1289 2266 Domini⁵⁰⁴)
1311 2190 1505 2277 appellatur.
1546 2190 1627 2256 Inde
1646 2201 1802 2278 quantum
1820 2193 1925 2256 iactsrs
1946 2204 1995 2257 est
2015 2191 2146 2278 lapidis,
2170 2213 2242 2256 coa·

575 2321 627 2376 trs
650 2321 812 2390 austrum,
841 2317 890 2372 est
908 2307 1013 2384 loeus,
1038 2309 1072 2371 in
1098 2327 1160 2390 quo
1181 2310 1267 2368 beato
1288 2310 1394 2367 Maria
1402 2305 1428 2384 b)
1449 2306 1543 2392 uirgo
1564 2307 1718 2393 migrauit
1729 2309 1786 2385 ⁵⁰⁶)
1808 2317 1840 2372 et
1859 2305 2034 2382 habitauit,
2060 2305 2244 2392 quamdiu‘)

574 2427 658 2492 uixit
679 2435 752 2512 post
774 2424 994 2489 ascensionem
1013 2422 1156 2488 Domini.
1200 2420 1286 2485 Huic
1308 2420 1378 2486 loeo
1401 2444 1504 2508 prope
1523 2433 1572 2487 est
1593 2427 1765 2484 oenomelum
1785 2421 1919 2508 grande,
1941 2423 1976 2486 in
1995 2445 2058 2508 000
2082 2421 2241 2488 Dominus

575 2543 703 2609 cenauit
724 2563 795 2606 cum
817 2538 984 2624 discipulis
995 2539 1074 2620 ⁵⁰⁸),
1097 2537 1196 2624 pedes
1219 2559 1329 2602 eorum
1350 2536 1447 2621 lauit,
1476 2560 1594 2626 corpus
1614 2561 1707 2602 suum
1727 2549 1759 2603 et
1780 2540 1968 2624 sanguinem
1990 2537 2139 2621 tradidit,
2170 2550 2244 2624 post

573 2657 841 2724 resurrectionem
862 2654 1016 2742 apparuit
1037 2653 1168 2740 pluries,
1189 2652 1331 2716 Mathias
1355 2664 1441 2718 sorte
1462 2653 1582 2719 electus
1603 2663 1662 2736 est,
1685 2654 1827 2740 Spiritus
1845 2653 1984 2719 Sanetus
2008 2652 2102 2718 datus
2116 2655 2242 2734 estllir,

574 2783 606 2839 et
625 2771 726 2838 mults
748 2770 890 2857 gloriosa
910 2791 1010 2856 opera
1030 2769 1163 2856 impleta
1184 2779 1266 2833 sunt.

541 2891 556 2942 ³
697 2888 743 2952 Et
761 2897 847 2968 nota,
870 2885 957 2974 quod
978 2887 1094 2950 ciuitas
1116 2883 1290 2949 Ierusalem
1314 2885 1376 2948 sita
1397 2894 1446 2949 est
1467 2885 1502 2949 in
1522 2883 1593 2951 loco
1616 2883 1750 2948 multum
1773 2885 1934 2948 eminenti.
1966 2885 2011 2950 Et
2032 2885 2073 2950 de
2094 2909 2133 2951 ea
2154 2885 2241 2952 uide-

573 3017 626 3072 tur
652 3015 720 3070 tots
742 3001 866 3068 Arabia
895 3011 926 3066 et
947 3024 1038 3066 mons
1060 2999 1196 3065 Abarim
1204 3006 1230 3078 d)
1259 3011 1291 3065 et
1312 3000 1403 3067 Nebo
1432 3010 1465 3065 et
1484 3000 1647 3087 Phasga0)
1675 3003 1739 3076 et‘)
1761 2999 1918 3086 planicies
1939 2999 2089 3067 Iordanis
2110 3003 2239 3068 011000-

574 3121 635 3188 cho
654 3131 685 3186 et
706 3141 796 3184 mare
818 3127 980 3183 mortuum
1001 3138 1102 3204 usque
1124 3117 1167 3180 sd
1188 3115 1318 3180 Petram
1340 3114 1470 3181 deserti.
1511 3115 1580 3182 Nee
1601 3115 1670 3180 uidi
1690 3116 1854 3180 ciuitatem
1874 3115 1927 3180 nel
1947 3115 2068 3200 locum,
2096 3119 2152 3206 qui
2173 3117 2239 3206 pul-

575 3238 733 3303 chriorem
755 3233 891 3300 haberet
912 3241 1127 3320 prospectum.
1169 3231 1222 3296 Ad
1242 3234 1349 3318 ipssm
1370 3241 1476 3296 autem
1497 3232 1682 3296 ascenditur
1701 3230 1743 3295 ab
1765 3234 1853 3298 omni
1874 3243 1984 3318 parte,
2012 3235 2090 3320 quia
2112 3235 2175 3299 sita
2193 3243 2241 3299 est

574 3355 609 3418 in
630 3352 700 3418 loco
723 3350 844 3432 alciori,
867 3350 922 3436 qui
943 3358 992 3412 est
1013 3349 1047 3412 in
1067 3359 1155 3413 terre
1176 3346 1241 3430 ills,
1261 3357 1371 3434 preter
1393 3346 1461 3412 Silo
1471 3348 1539 3429 ⁵⁰⁸),
1563 3369 1624 3435 que
1642 3345 1745 3412 distat
1765 3347 1807 3413 ab
1829 3370 1868 3412 ea
1889 3371 1948 3434 per
1969 3347 2051 3414 duas
2072 3349 2189 3416 leucas.

543 3471 559 3522 l
700 3467 753 3532 De
779 3463 1000 3549 magnitudine
1028 3471 1135 3527 autem
1167 3473 1276 3528 sancte
1304 3465 1446 3528 ciuitatis
1475 3463 1655 3545 sciendum,
1682 3462 1767 3548 quod
1793 3464 1969 3530 secundum
1998 3463 2171 3552 losephum
2184 3468 2240 3540 509)

576 3583 698 3670 absque
718 3589 825 3646 monte
849 3579 926 3645 Sion
947 3578 1062 3644 habuit
1084 3575 1223 3644 ambitus
1245 3579 1386 3644 ciuitatis
1407 3600 1465 3666 per
1485 3601 1602 3664 gyrum
1618 3578 1768 3644 XXXIII
1788 3579 1905 3644 stadis.
1942 3579 2023 3646 cum
2043 3581 2115 3666 ipso
2135 3595 2241 3646 autem

576 3709 684 3765 monte
713 3719 821 3761 murus
849 3695 1005 3776 exterior,
1035 3693 1156 3760 seilicet
1188 3697 1306 3760 tercius
1336 3718 1461 3770 murus,
1488 3693 1664 3758 secundum
1691 3693 1828 3759 eundem
1849 3695 2020 3782 losephum
2046 3695 2161 3762 hebuit
2180 3697 2241 3763 XC

575 3825 698 3893 turres,
731 3810 867 3897 singulis
888 3809 1031 3875 turribus
1053 3832 1112 3898 per
1135 3810 1191 3877 00
1213 3810 1342 3876 cubitus
1364 3808 1576 3891 distantibus,
1604 3809 1666 3874 hoc
1686 3818 1767 3888 estss)
1789 3833 1851 3897 per
1873 3811 1958 3879 000
1978 3811 2098 3898 pedes,
2120 3815 2176 3897 qui
2196 3813 2241 3878 fa·

575 3931 664 3995 ciunt
684 3928 746 3993 LX
768 3949 900 4014 passus,
934 3928 990 4011 qui
1010 3927 1139 3992 fuerunt
1160 3927 1245 3991 inter
1266 3936 1388 3992 turrem
1409 3936 1441 3991 et
1463 3935 1593 3990 turrem.
1634 3923 1858 4012 Multiplicstis
1885 3927 1985 4013 igitur
2007 3927 2070 3991 LX
2091 3928 2242 4014 passibus

576 4068 635 4134 per
654 4044 717 4111 XO
736 4054 842 4108 turres
865 4041 1001 4107 exibunt
1022 4064 1138 4128 passus
1160 4045 1285 4124 540011),
1307 4043 1363 4128 qui
1381 4043 1504 4106 faciunt
1524 4040 1681 4106 ambitum
1703 4043 1878 4121 ciuitatis¹).
1922 4042 2004 4110 Cum
2023 4045 2122 4128 igitur
2149 4048 2241 4120 125¹)

575 4183 691 4250 passus
730 4161 853 4224 faciunt
895 4181 992 4222 numu
1029 4158 1184 4240 stadium,
1233 4159 1260 4222 si
1295 4157 1444 4222 diuiseris
1458 4161 1477 4232 ¹)
1521 4162 1641 4232 etcum)
1676 4179 1735 4244 per
1767 4165 1840 4240 125,
1885 4157 2020 4225 exibunt
2057 4168 2096 4227 40
2106 4167 2133 4237 ¹¹)
2179 4172 2242 4226 sta·

641 4359 669 4424 a)
687 4355 780 4412 Verba
796 4375 852 4410 oon
872 4359 914 4410 ad
933 4357 1062 4410 orientem
1080 4371 1132 4411 om.
1152 4353 1190 4410 St
1209 4383 1242 4394 —
1266 4353 1296 4425 b)
1314 4353 1414 4408 Mane
1433 4371 1484 4409 om.
1503 4353 1557 4418 St,
1577 4352 1662 4408 habet
1679 4354 1706 4409 h.
1739 4387 1762 4393 -
1790 4360 1817 4422 0)
1835 4355 1884 4408 diu
1901 4354 1943 4408 St.
1968 4355 2097 4422 wamelis
2113 4356 2140 4412 h.
2158 4385 2188 4396 -
2213 4355 2242 4421 d)

708 4440 832 4493 Arabum
851 4441 889 4495 St
924 4438 965 4494 cf.
984 4438 1048 4495 VII.
1067 4441 1108 4494 30.
1133 4467 1166 4478 -
1190 4440 1216 4506 e)
1234 4437 1349 4506 Phasqo
1366 4452 1418 4494 orn.
1438 4435 1476 4491 St
1503 4469 1534 4477 -
1559 4436 1586 4504 1)
1603 4444 1629 4492 ct
1649 4443 1714 4493 unte
1735 4437 1831 4493 vocab.
1844 4438 1983 4509 plustrier
1999 4456 2052 4492 om.
2069 4437 2139 4494 stt.
2157 4468 2190 4479 -
2213 4442 2242 4510 g)

708 4531 747 4578 αι
764 4540 818 4578 om.
835 4522 884 4590 ss,
901 4521 986 4577 hebet
1002 4521 1028 4576 0.
1049 4552 1082 4561 -
1099 4521 1128 4589 0)
1146 4525 1212 4576 0000
1230 4519 1270 4578 st.
1289 4526 1356 4576 0000
1374 4519 1400 4575 n.
1419 4551 1451 4560 -
1468 4520 1489 4588 i)
1506 4521 1592 4575 αἰαα
1608 4511 1741 4590 (esses)
1759 4520 1798 4578 st.
1819 4551 1851 4562 -
1870 4521 1898 4596 l)
1918 4526 1948 4576 12
1963 4540 2063 4592 passu
2081 4524 2120 4578 00,
2139 4530 2242 4576 emm

707 4607 808 4675 oiqs'atr'
823 4607 939 4676 0040000
957 4604 984 4660 h.
1002 4637 1033 4645 -
1052 4605 1072 4670 l)
1090 4605 1196 4658 diensi
1211 4611 1272 4658 rant
1290 4603 1330 4658 st.
1347 4604 1477 4658 diuiscria
1494 4602 1520 4658 h.
1539 4637 1574 4646 -
1591 4607 1710 4672 001400
1722 4623 1777 4676 per
1796 4609 1825 4660 12
1843 4603 1881 4659 St
1903 4611 1969 4660 5400
1985 4623 2033 4672 per
2050 4611 2098 4660 105
2116 4604 2142 4658 h.
2160 4637 2194 4645 —
2212 4609 2241 4676 n)

709 4694 758 4744 240
774 4691 868 4743 stadia
886 4687 926 4745 st
944 4693 976 4744 33
992 4689 1086 4743 madia
1102 4695 1128 4742 et
1140 4705 1240 4758 pasena
1257 4692 1298 4755 25,
1314 4688 1364 4758 qni
1379 4689 1490 4754 sucina
1506 4689 1621 4758 quinque
1636 4688 1763 4743 miliario
1780 4697 1806 4743 et
1818 4706 1920 4758 pascas
1936 4689 2027 4745 XXV.
2046 4687 2072 4744 h.

637 4883 708 4952 500)
728 4879 824 4936 Locus
845 4897 970 4936 0000-
988 4895 1064 4935 erus
1078 4876 1144 4948 suit
1154 4874 1230 4953 fixa]
1251 4872 1288 4932 V.
1306 4873 1389 4934 Tob·
1491 4879 1562 4950 505)
1583 4875 1733 4952 00900040)
1761 4873 1838 4935 diem
1864 4876 1942 4937 obiit
1987 4875 2023 4940 V.
2046 4876 2160 4938 'l‘obler
2181 4877 2242 4937 '1¹0-

576 4977 619 5036 ler
640 4975 725 5054 Golg.
748 4997 777 5055 p.
800 4979 868 5038 377.
1430 4993 1512 5052 pogr.
1534 4995 1561 5034 v.
1582 4972 1680 5035 Jerus.
1701 4976 1742 5035 11.
1766 4982 1832 5037 104.

639 5079 709 5150 501)
738 5075 844 5132 Μανία
871 5072 1049 5150 Epyptiaca]
1089 5071 1126 5134 V.
1158 5071 1270 5132 Tobler
1302 5071 1388 5151 Golg.
1494 5074 1563 5145 506)
1586 5075 1756 5132 emessam
1776 5107 1817 5118 —
1838 5073 2001 5150 discipulis]
2024 5073 2152 5136 Arabico
2173 5075 2243 5135 diei·

576 5194 605 5254 p.
628 5179 687 5235 378
708 5193 772 5253 sqq.
1430 5179 1478 5230 tur
1493 5171 1643 5232 el-Asohrt.
1684 5171 1723 5236 V.
1746 5171 1860 5232 Toblsr
1882 5173 2013 5253 Topogr.
2031 5193 2060 5233 v.
2076 5171 2176 5236 Jerus.
2199 5175 2243 5234 11.

639 5275 710 5346 502)
738 5271 862 5329 Iacobus
895 5269 1067 5345 decollatus]
1104 5269 1190 5330 Nunc
1223 5271 1295 5330 Deir
1324 5271 1391 5329 Mar
1431 5275 1479 5331 99.
1505 5276 1571 5332 105.

575 5369 681 5430 Iskob.
722 5371 770 5428 De
792 5369 848 5428 hoc
869 5377 968 5430 nostro
990 5368 1055 5428 loco
1077 5390 1104 5430 v.
1126 5368 1237 5428 Tobler
1258 5369 1390 5450 Topogr.
1492 5373 1563 5442 507)
1585 5370 1717 5446 Spiritus
1738 5369 1868 5428 Sanctus
1888 5371 1976 5428 dotas
1998 5371 2048 5446 est]
2071 5369 2108 5431 V.
2130 5369 2244 5432 Tobler

574 5469 599 5530 1.
621 5472 690 5528 359.
1432 5467 1510 5548 Top.
1531 5490 1559 5530 v.
1580 5469 1678 5530 Jerus.
1700 5470 1743 5530 11.
1766 5475 1831 5530 100.

639 5569 711 5640 503)
733 5567 846 5626 domm
871 5564 999 5643 Cayplre]
1022 5565 1058 5627 V.
1077 5565 1190 5626 Toblsr
1208 5565 1341 5645 Topogr.
1361 5586 1389 5627 v.
1494 5572 1564 5642 500)
1590 5568 1661 5644 Silo]
1692 5567 1754 5628 Silo
1781 5569 1902 5650 antiqua
1931 5579 1976 5628 est
2001 5589 2103 5631 recens
2132 5569 2243 5642 Seillln,

576 5665 678 5727 Jerus.
698 5664 739 5723 11.
765 5669 820 5724 156
843 5684 905 5744 sqq.
1430 5663 1483 5725 sed
1505 5664 1691 5727 Burchsrdus
1712 5666 1782 5727 dicit
1801 5668 1880 5728 Nebi
1902 5667 2029 5731 Ssmwil.
2078 5668 2114 5733 V.
2135 5669 2244 5730 Robin-

640 5765 710 5836 504)
733 5781 838 5821 carcer
860 5763 988 5840 Domine]
1019 5763 1103 5824 Habe
1131 5761 1308 5824 elllessieh.
1351 5762 1389 5822 V.
1431 5783 1485 5822 son
1505 5764 1569 5825 Pul.
1590 5766 1648 5826 111.
1669 5770 1738 5827 307.
1856 5793 1858 5796 ’

579 5862 691 5923 Tobler
713 5861 845 5941 Topogr.
865 5881 892 5920 v.
912 5859 1012 5922 Jerus.
1033 5863 1073 5924 11.
1099 5867 1154 5924 159
1178 5871 1207 5921 st
1229 5866 1294 5922 103.
1494 5867 1564 5937 509)
1586 5865 1749 5940 Ioseplam]
1773 5865 1807 5924 B.
1827 5863 1858 5924 J.
1881 5864 1918 5924 V.
1942 5874 1969 5938 l,
1991 5873 2018 5928 3.
