5284 7042
1366 614 1420 675 132

981 853 1105 919 XXIII.
1146 854 1210 919 DE
1231 854 1399 921 STUDIO
1420 854 1793 923 SARRAOENORUM.

521 1025 531 1074 ι
677 1000 852 1066 Sciendum
864 1015 922 1085 est,
937 1002 1024 1089 quod
1039 1004 1104 1090 ipsi
1121 1004 1316 1069 conueniunt
1333 1007 1367 1069 in
1380 1004 1524 1070 Baldaeo
1537 1004 1581 1070 ad
1595 1002 1733 1069 studium
1757 1000 1798 1067 de
1813 1002 1950 1070 diuersis
1970 1006 2148 1093 prouinciis
2160 1007 2228 1084 ¹⁸2).

518 1137 534 1187 2
675 1116 808 1182 Habent
839 1128 946 1182 autem
973 1122 1008 1183 in
1028 1118 1172 1185 Baldaco
1203 1117 1298 1206 plura
1327 1118 1399 1185 loca
1429 1120 1489 1185 soli
1520 1119 1627 1185 studio
1657 1130 1688 1181 et
1717 1117 1984 1207 contemplacioni
2005 1118 2161 1207 deputata
2182 1121 2228 1185 ad

553 1234 684 1298 modum
705 1254 897 1318 magnorum
916 1236 1185 1299 monasteriorum
1206 1248 1408 1319 nostrorum,
1443 1245 1475 1299 et
1495 1234 1698 1300 venientibus
1721 1232 1911 1321 prouidetur
1940 1232 1981 1299 de
2003 1236 2164 1300 communi
2185 1238 2227 1303 de

554 1349 650 1432 cella,
680 1348 804 1413 scilicet
825 1348 866 1413 de
887 1372 972 1435 pane
993 1361 1026 1414 ct
1046 1372 1148 1437 aqua,
1184 1363 1216 1413 et
1242 1350 1306 1415 hiis
1329 1352 1469 1415 contenti
1490 1352 1612 1415 instant
1634 1347 1903 1437 contemplacioni
1925 1358 1957 1415 et
1977 1350 2084 1417 studio
2106 1352 2139 1417 in
2159 1374 2226 1417 ma-

552 1467 643 1530 xima
663 1475 864 1550 paupertate.

519 1555 537 1671 Ξ
677 1580 714 1643 In
737 1579 833 1643 seclis
854 1589 962 1643 autem
984 1580 1275 1645 communibus'ibi
1297 1582 1470 1668 exponitur
1492 1580 1675 1663 alcoranus,
1697 1580 1732 1644 id
1753 1591 1802 1645 est
1816 1578 1870 1643 lex
1885 1578 2090 1647 Machometi.
2125 1580 2224 1647 Num·

520 1709 651 1781 aquam
674 1694 720 1758 ibi
739 1696 862 1759 intrant
882 1697 946 1759 nisi
967 1695 1105 1781 pedibus
1125 1695 1333 1761 discalciatis.
1374 1694 1470 1761 Vnde
1491 1706 1557 1760 tam
1580 1697 1744 1781 magister,
1766 1698 1821 1783 qui
1843 1698 1987 1782 exponit,
2009 1718 2104 1783 quam
2128 1696 2225 1762 disei-

554 1809 637 1897 puli,
666 1811 722 1897 qui
743 1808 892 1891 audiunt,
922 1810 1086 1875 dimittunt
1111 1810 1238 1876 calceos
1260 1823 1367 1895 extra,
1399 1824 1430 1875 et
1452 1810 1547 1875 nudis
1567 1810 1705 1898 pedibus
1727 1812 1850 1876 intrant
1872 1811 1976 1878 scolas
1988 1860 1997 1893 ,
2029 1822 2061 1875 et
2084 1810 2226 1877 ibicum

554 1926 699 1990 maxima
718 1926 964 1990 mansuetudine
985 1938 1018 1990 et
1040 1926 1199 1991 modestia
1220 1924 1331 2011 legtmt
1354 1936 1386 1991 et
1408 1926 1584 2013 disputant.

915 2122 1039 2187 XXIV.
1082 2123 1146 2188 DE
1169 2122 1469 2189 ORACIONIBUS
1492 2121 1862 2189 SARRAOENORUM.

524 2242 533 2288 1

521 2304 536 2356 2
678 2271 730 2336 De
752 2272 902 2336 oracione
923 2293 1001 2335 vero
1020 2294 1130 2335 eornm
1152 2271 1229 2359 quid
1252 2271 1386 2337 dicam?
1409 2273 1493 2337 Nam
1514 2282 1604 2337 tanta
1626 2273 1741 2337 osteis
1764 2270 1946 2337 sollicitudo
1968 2274 2001 2337 in
2025 2275 2176 2337 oracione
2195 2282 2227 2338 et

521 2398 646 2454 etanta
672 2385 826 2467 deuocio,
855 2386 940 2473 quod
963 2388 1081 2474 stupui,
1109 2410 1181 2451 cum
1203 2410 1262 2473 per
1285 2390 1525 2475 experienciam
1549 2387 1617 2453 vidi
1640 2398 1671 2452 et
1690 2386 1838 2474 probaui.
1879 2386 1965 2451 Nam
1986 2397 2018 2451 et
2039 2408 2100 2471 ego
2122 2388 2156 2451 in
2169 2388 2225 2465 ¹⁸³)

555 2502 658 2567 tribus
679 2502 844 2567 mensibus
866 2514 899 2567 et
921 2502 1055 2567 dimidio
1078 2504 1228 2569 continue
1249 2504 1295 2567 iui
1317 2514 1348 2567 et
1370 2504 1418 2569 sui
1440 2528 1513 2569 cum
1537 2502 1718 2569 camelariis
1740 2505 1923 2567 sarracenis
1944 2505 1977 2567 in
2000 2502 2128 2567 deserto
2141 2502 2225 2569 Ara·

553 2618 607 2683 bie
632 2628 664 2682 et
684 2618 874 2701 Persarum,
902 2640 963 2682 nec
990 2640 1143 2705 umquam
1169 2630 1303 2705 propter
1331 2618 1439 2704 aliqua
1467 2620 1656 2685 discrimina
1684 2618 1875 2683 dimiserunt
1896 2617 2024 2683 Arabes
2046 2618 2223 2701 cemeterii,

519 2736 631 2823 tquin
652 2736 782 2799 statrrtie
809 2733 899 2798 horis
921 2744 1051 2797 orarent
1073 2733 1165 2798 etde
1187 2732 1240 2798 die
1262 2745 1293 2799 et
1315 2734 1355 2799 de
1387 2746 1497 2818 nocte,
1527 2746 1559 2800 ct
1589 2736 1743 2821 precipue
1770 2755 1865 2797 mane
1886 2744 1918 2798 et
1937 2755 2018 2798 sero.
2060 2733 2222 2799 Deuocio-

552 2872 626 2915 nem
648 2860 756 2914 autem
776 2860 901 2913 tantam
922 2849 955 2913 in
977 2850 1128 2913 oracione
1149 2850 1365 2936 pretendunt,
1388 2850 1474 2939 quod
1495 2852 1603 2915 omnia
1625 2849 1690 2915 alia
1710 2848 1853 2915 totaliter
1875 2848 2047 2931 dimittunt,
2072 2859 2103 2913 et
2122 2848 2224 2933 aliqui

519 2982 662 3032 aeorum
691 2966 865 3051 pristinum
893 2964 988 3028 faciei
1016 2963 1155 3030 colorem
1185 2964 1291 3029 subito
1320 2966 1354 3029 in
1383 2965 1540 3052 pallorem
1562 2974 1689 3031 mutant
1710 2976 1742 3029 et
1761 2964 1910 3029 videntur
1931 2964 2014 3051 rapi.
2056 2963 2100 3028 Et
2123 2962 2223 3051 aliqui

553 3103 663 3147 eorum
692 3080 830 3161 cadunt,
863 3092 896 3143 et
922 3078 1022 3167 aliqui
1050 3080 1173 3145 saltant
1202 3092 1233 3144 et
1260 3102 1372 3145 vocem
1406 3082 1535 3146 variant
1564 3096 1594 3146 et
1624 3093 1720 3167 caput
1749 3082 1913 3160 emittunt,
1946 3082 1994 3144 ita
2014 3080 2101 3165 quod
2122 3080 2223 3168 aliqui

552 3219 663 3262 eorum
684 3196 837 3261 videntur
856 3198 931 3282 rapi
953 3206 985 3259 et
1004 3195 1105 3283 aliqui
1126 3196 1293 3281 arrepticii
1306 3198 1371 3274 ¹⁵⁴).

464 3342 467 3349 ·
518 3315 535 3365 6
674 3312 714 3376 In
742 3313 893 3376 oracione
921 3311 1062 3375 maxime
1094 3310 1270 3375 obseruant
1298 3310 1461 3399 quandam
1488 3310 1686 3377 mundiciam
1716 3308 1936 3397 corporalem,
1964 3320 1996 3373 et
2017 3308 2104 3375 nullo
2126 3309 2221 3377 modo

552 3425 694 3492 audeant
716 3447 811 3491 orare
831 3426 895 3490 nisi
917 3424 1027 3491 lauant
1049 3425 1111 3491 sibi
1133 3424 1239 3491 culum
1263 3440 1296 3492 et
1315 3438 1476 3510 ventrem,
1499 3438 1614 3515 postea
1634 3449 1767 3509 manus,
1789 3422 1907 3489 deinde
1928 3426 2059 3508 faciem,
2087 3424 2130 3491 ad
2152 3427 2222 3491 vlti-

552 3564 640 3607 mum
661 3541 790 3629 plantas
809 3542 937 3626 pedum,
959 3553 990 3606 et
1012 3542 1059 3607 sie
1081 3552 1184 3606 orant.

518 3644 533 3760 g
663 3656 748 3729 ,Hee
773 3666 881 3721 autem
910 3656 1087 3722 obseruant
1112 3679 1223 3722 omnes
1256 3680 1367 3723 eorum
1390 3676 1485 3724 secte.
1529 3658 1593 3723 Sed
1614 3656 1752 3745 quedam
1776 3665 1825 3719 est
1845 3656 1928 3719 inter
1951 3676 2005 3719 eos
2028 3666 2133 3737 secta,
2162 3680 2224 3741 que

517 3783 687 3845 evocatur
706 3772 833 3837 Henefa
845 3774 910 3855 ¹⁸⁵),
933 3784 965 3838 et
985 3774 1041 3837 isti
1060 3782 1254 3861 reputantur
1275 3774 1348 3839 aliis
1371 3774 1588 3862 perfectiores.
1621 3772 1680 3837 leti
1703 3774 1730 3836 si
1751 3772 1874 3837 intrant
1895 3772 1998 3837 forum
2022 3782 2054 3835 et
2073 3782 2223 3858 tangeret

552 3909 606 3952 eos
629 3900 710 3971 eata,
731 3888 785 3953 vel
809 3892 915 3972 oanis,
937 3889 990 3954 vel
1012 3890 1139 3971 asinus,
1160 3888 1213 3953 vel
1235 3889 1360 3977 aliquid
1380 3888 1599 3971 immundum,
1627 3910 1692 3952 non
1712 3897 1820 3973 potest
1840 3886 1964 3969 leuari,
1990 3897 2027 3950 vt
2047 3898 2133 3969 oret,
2160 3890 2224 3953 nisi

503 4022 533 4072 1⁰
550 4005 616 4069 sint
636 4002 723 4068 mille
744 4006 911 4091 quingenti
933 4004 1031 4069 rotuli
1050 4026 1141 4093 aque.
1184 4004 1278 4070 Vnde
1298 4004 1446 4091 indigent
1466 4004 1576 4069 fluuio.
1620 4002 1759 4083 Quando
1781 4014 1887 4066 autern
1908 4000 2020 4066 volunt
2042 4024 2152 4085 orare,
2175 4002 2222 4069 di-

550 4122 651 4206 gitum
673 4121 826 4185 inanum
846 4120 953 4207 infigit
967 4121 1023 4197 186)
1030 4169 1040 4203 ,
1067 4121 1143 4185 etsi
1165 4122 1262 4185 sentit
1282 4120 1405 4208 aliquid
1424 4121 1556 4195 fetoris,
1587 4141 1652 4185 non
1674 4130 1722 4183 est
1745 4128 1842 4205 aptus
1864 4126 1900 4181 vt
1920 4126 2006 4199 oret,
2029 4114 2142 4181 sedin
2164 4118 2222 4183 fln-

549 4237 637 4299 uium
669 4238 856 4319 reuertitur,
885 4246 918 4301 et
943 4236 1006 4301 hoc
1028 4238 1151 4301 tociens
1177 4236 1256 4300 facit
1275 4234 1440 4323 infigendo
1462 4234 1599 4321 digitum
1621 4244 1653 4299 et
1673 4234 1821 4321 ponendo
1844 4230 1886 4297 ad
1913 4254 2025 4314 nares,
2056 4254 2223 4323 quousque

548 4349 648 4416 nichil
667 4351 780 4415 fetoris
801 4353 943 4430 senciat,
964 4360 996 4415 et
1014 4360 1091 4415 tunc
1112 4362 1161 4415 est
1182 4362 1277 4439 aptus
1300 4375 1402 4418 orare.

549 4548 656 4613 XXV.
698 4548 762 4619 DE
789 4547 1051 4613 EIAEMOSINA
1075 4548 1136 4613 ET
1157 4548 1482 4616 MISERICORDIA
1506 4546 1870 4615 SARRACENORUM
1891 4546 1955 4610 AD
1978 4544 2223 4611 PAUPERES.

519 4719 528 4767 1
672 4697 725 4762 De
744 4696 968 4763 misericordia
989 4696 1032 4761 ad
1053 4720 1214 4785 pauperes
1237 4696 1404 4763 sciendum
1425 4710 1490 4781 est,
1516 4698 1602 4787 quod
1624 4698 1797 4763 Sarraceni
1828 4706 1902 4759 sunt
1923 4694 2058 4759 maximi
2080 4692 2223 4761 clamosi·

515 4809 641 4926 {narii
683 4812 817 4878 Habent
847 4814 932 4877 enirn
957 4814 992 4877 in
1018 4812 1170 4878 alcorano
1192 4815 1338 4878 strictum
1361 4814 1567 4897 mandatum,
1596 4813 1683 4899 quod
1712 4813 1791 4877 dant
1812 4811 1979 4875 decimam.
2020 4809 2066 4874 Et
2086 4810 2126 4874 de
2148 4810 2221 4895 hiis,

515 4953 611 5018 4que
633 4930 804 5015 acquirunt
824 4950 883 5014 per
903 4926 1105 4993 violenciam·
1117 4951 1294 5011 armorum,
1321 4940 1471 4995 tenentur
1500 4930 1579 4994 dare
1607 4932 1751 5017 quintam
1770 4939 1908 5014 partem.
1950 4926 2064 4991 Preter
2085 4926 2146 4991 lree
2167 4950 2222 4993 au·

548 5056 614 5110 tem
640 5046 764 5109 faciunt
793 5066 913 5131 magna
935 5054 1127 5109 testamenta
1148 5057 1179 5109 et
1200 5056 1324 5132 ponunt
1345 5046 1380 5109 in
1402 5044 1678 5132 gazophilacium,
1707 5056 1738 5109 et
1765 5054 1883 5109 statuto
1904 5054 2049 5130 tempore
2071 5044 2222 5130 aperiunt

549 5184 602 5244 ea,
626 5171 658 5225 et
680 5160 759 5224 dant
780 5182 820 5225 ea
842 5159 1022 5225 Sarraceno
1044 5158 1108 5222 fide
1131 5158 1246 5245 digno,
1271 5166 1326 5249 qui
1355 5161 1447 5227 vadit
1469 5160 1511 5226 ad
1534 5162 1681 5227 diuersas
1702 5160 1888 5247 prouincias
1910 5168 1943 5223 et
1963 5159 2100 5224 redemit
2120 5160 2222 5245 capti·

548 5299 607 5341 uos
640 5290 672 5340 et
701 5275 828 5341 selanus
855 5296 1061 5357 sarracenos,
1091 5277 1146 5363 qui
1172 5276 1356 5343 detinentur
1383 5278 1505 5363 captiui
1532 5278 1620 5364 apud
1640 5275 1845 5342 Christianos
1875 5274 1927 5339 vel
1954 5275 2036 5339 alias
2056 5276 2220 5341 naciones.

614 5480 683 5551 182)
705 5476 724 5554 ξ
750 5485 762 5538 l
786 5478 967 5555 inscriptioni
987 5478 1178 5557 praeponitur
1198 5479 1229 5538 in
1252 5478 1290 5539 G.
1469 5484 1537 5555 185)
1559 5478 1689 5555 Henesa]
1713 5478 1758 5539 cf.
1771 5477 1876 5537 librum
1894 5479 2080 5558 inscriptum:
2103 5478 2221 5538 Moenrs

709 5627 716 5637 .
846 5625 852 5638 .
1343 5628 1349 5642 .
1750 5578 1804 5637 .P
1839 5578 1872 5635 '.
1909 5582 1924 5635 7
1990 5578 2027 5637 Τ.
2103 5624 2110 5637 .
2212 5621 2221 5636 .

546 5624 745 5785 pp
940 5646 964 5687 0-
1144 5628 1170 5685 2-
1213 5628 1253 5684 122
1403 5586 1557 5737 :tutu
1576 5577 1631 5737 t:
1649 5578 1754 5737 tot
1773 5582 1909 5751 :a
2080 5582 2216 5737 ott

711 5770 718 5782 ’
1404 5785 1471 5835 sunt
1491 5778 1613 5856 Hanest.

613 5879 683 5948 184)
704 5873 901 5943 daemoniaci,
921 5874 1004 5933 Italis
1026 5879 1160 5949 urretizj.
1468 5880 1537 5949 186)
1560 5876 1652 5954 infipt't
1675 5895 1732 5936 om.
1754 5872 1790 5933 G.
