5284 7042
1219 730 1274 789 tat

406 906 593 991 credibilia,
622 908 706 996 quod
723 902 864 993 longum
887 921 919 973 et
940 908 1134 996 stupendum
1158 919 1244 973 esset
1265 906 1382 972 dicare
1426 908 1470 972 Et
1497 930 1569 973 cum
1592 908 1829 975 admirarentur
1851 908 2025 977 Sarraceni
2047 922 2110 979 eta

407 1033 578 1113 quererent
599 1045 620 1088 a
639 1021 854 1103 Machomcto,
876 1026 904 1091 ai
926 1027 1036 1091 omnia
1057 1023 1114 1090 illa
1134 1046 1213 1090 vera
1234 1022 1352 1089 eraut?
1375 1022 1552 1111 rospondit,
1573 1022 1660 1111 quod
1681 1026 1715 1089 in
1734 1046 1772 1089 oo
1795 1034 1887 1089 erant
1908 1023 2077 1092 duodecim

406 1138 496 1205 milis
521 1139 771 1206 mendaciorum.
815 1139 887 1221 Qus
914 1138 997 1207 dixit
1019 1140 1104 1206 idern
1123 1139 1362 1221 Hadrumetum
1394 1136 1554 1225 reliquum
1575 1160 1660 1221 ,vcro
1682 1150 1782 1205 totum
1805 1144 1837 1205 in
1860 1164 1918 1205 sus
1942 1144 2110 1215 veritates

405 1270 436 1321 ct
464 1258 657 1321 auctoritate
678 1266 854 1343 permanet
897 1256 927 1323 0
951 1257 1034 1338 ccci,
1063 1278 1127 1322 non
1150 1256 1270 1321 autiicit
1290 1254 1383 1321 vohis
1407 1253 1449 1319 ad
1472 1254 1666 1321 credendum
1688 1254 1924 1322 Machametnm
1947 1259 2110 1327 menda-a

405 1393 474 1437 cern
497 1384 531 1437 et
550 1394 643 1435 snum
663 1368 799 1453 librum,
828 1372 906 1459 quia
923 1392 988 1438 non
1010 1371 1114 1438 solum
1135 1370 1221 1437 dixit
1241 1369 1462 1453 mendacium,
1490 1368 1546 1435 sed
1577 1382 1608 1435 et
1630 1372 1759 1459 scripsit
1785 1386 1816 1437 et
1839 1370 1961 1439 (limisit
1982 1375 2075 1441 vobis

405 1486 438 1553 ia
459 1485 573 1552 eodem
594 1486 678 1553 libro
700 1486 870 1552 duodecim
891 1485 982 1553 milia
999 1488 1264 1555 mendaciorum?
1292 1488 1342 1553 Sit
1366 1486 1459 1552 vohis
1482 1486 1567 1551 solua
1588 1484 1640 1549 illc
1667 1484 1750 1551 liber
1772 1490 1952 1553 autenticus
1966 1492 2023 1567 ²⁰⁵)
2045 1506 2109 1557 ott

404 1624 518 1685 verax,
538 1604 594 1689 qni
616 1604 800 1668 testimonio
823 1604 963 1669 auctoris
984 1606 1034 1671 sui
1053 1607 1192 1671 eontinet
1213 1602 1385 1669 duodecim
1405 1600 1494 1667 milia
1517 1600 1701 1666 mendacia!
1725 1602 1821 1667 Certe
1842 1602 1921 1669 dicit
1940 1624 2108 1693 magnust

404 1716 519 1785 doctor
539 1718 758 1803 Augustinus,
782 1716 920 1803 quodsi
947 1740 1045 1785 vnum
1074 1719 1176 1785 solum
1199 1719 1402 1785 mendacium
1426 1720 1459 1783 in
1481 1716 1649 1805 euangelio
1670 1716 1944 1805 deprehenderet,
1974 1734 2075 1789 totum

403 1832 569 1898 residuum
591 1832 705 1899 eodem
727 1832 822 1898 modo
843 1834 936 1921 quasi
957 1834 1159 1901 mandacium
1182 1846 1356 1921 reputaret

528 1948 595 2013 Sed
616 1948 658 2013 dc
678 1948 830 2014 alcorano
853 1948 1040 2037 loquamur,
1069 1952 1111 2017 de
1132 1974 1196 2039 quo
1218 1953 1283 2017 iam
1304 1972 1367 2016 non
1390 1959 1465 2013 sunt
1486 1951 1626 2015 contenti
1651 1952 1822 2016 Sarraccui
1845 1950 1968 2031 dicero,
1990 1958 2108 2039 quoda

403 2066 446 2129 sit
465 2064 550 2131 liber
567 2064 778 2147 hisehometi,
808 2063 867 2129 sod
886 2088 962 2131 vere
984 2088 1089 2133 sermo
1113 2066 1176 2132 dei.
1218 2066 1284 2131 Sed
1305 2064 1467 2154 quomodo
1489 2086 1551 2129 non
1576 2064 1635 2129 luit
1655 2066 1890 2131 verecundatus
1914 2064 1966 2131 illo
1986 2066 2109 2149 denna

404 2182 458 2269 qui
485 2180 569 2246 dixit
596 2178 797 2261 alcoranum,
827 2180 913 2268 quod
940 2194 988 2247 tot
1012 2180 1181 2247 urendacia
1209 2184 1378 2247 manifesto
1407 2178 1453 2243 ibi
1474 2178 1583 2244 dixit?
1614 2180 1695 2245 Nam
1727 2180 1772 2245 ihi
1796 2183 2020 2271 scriptumest
2043 2186 2126 2249 into

403 2294 551 2383 pluribus
573 2296 664 2376 locis,
686 2295 772 2383 quod
793 2296 909 2377 Maria,
930 2308 1035 2361 mater
1049 2296 1144 2363 Ibesu
1162 2298 1295 2377 Christi,
1317 2298 1378 2361 fuit
1399 2294 1466 2361 filia
1487 2294 1633 2377 Annam,
1654 2298 1757 2383 patris
1777 2294 1884 2383 Moysi
1907 2312 1937 2363 et
1954 2300 2074 2380 Aaron,

403 2412 490 2499 quod
519 2412 579 2477 fuit
611 2435 703 2477 soror
724 2411 832 2497 Moysi
861 2422 895 2479 ct
914 2411 1041 2493 Aaron,
1072 2436 1145 2477 cum
1174 2426 1314 2497 constet,
1342 2410 1428 2499 quod
1450 2410 1555 2475 Maria
1585 2414 1713 2497 peperit
1735 2410 1899 2477 Christum
1930 2427 2074 2501 tempore

403 2528 536 2595 cesaris
557 2529 715 2615 Augusti,
744 2529 799 2616 qui
826 2528 987 2615 regnabat
1008 2529 1107 2594 lionae
1136 2541 1167 2593 et
1196 2530 1262 2595 iam
1294 2525 1436 2593 habebat
1457 2524 1687 2591 monarchiam.
1731 2526 1824 2593 Vnde
1844 2540 1876 2593 et
1898 2529 2074 2609 mandauit,
2095 2546 2122 2595 n

403 2655 438 2707 rt
458 2642 697 2710 describeretur
716 2645 889 2709 vniucrsus
909 2642 1009 2725 orbis,
1030 2656 1063 2709 et
1082 2646 1147 2710 iam
1169 2644 1309 2709 diuisum
1332 2654 1402 2707 erat
1424 2664 1560 2729 regnum
1584 2640 1773 2723 ludcorum,
1795 2654 1826 2707 et
1849 2646 2009 2731 regnabat
2028 2648 2073 2713 ibi

403 2758 552 2825 Herodes
573 2770 605 2825 et
625 2758 813 2847 Philippus,
839 2760 940 2825 irater
961 2763 1047 2841 eius,
1078 2760 1139 2825 sub
1162 2758 1364 2849 principibus
1389 2756 1596 2823 sacerdotum
1617 2758 1714 2821 Anna
1746 2770 1777 2821 et
1799 2758 1957 2847 Caypha,
1984 2764 2074 2829 cuins

402 2874 537 2941 historie
560 2886 707 2963 tempora
727 2886 804 2939 nota
823 2887 898 2939 sunt
920 2874 1027 2940 ludeis
1049 2891 1080 2941 ct
1102 2876 1277 2963 gentilibus
1297 2888 1329 2939 ct
1353 2874 1559 2941 Christiania.
1602 2872 1707 2939 Maria
1730 2896 1818 2955 roro,
1840 2874 1908 2941 filia
1929 2878 2074 2952 Almam,
2095 2892 2125 2943 tt

403 3012 496 3057 soror
515 2988 622 3077 Moysi
646 3004 678 3055 et
699 2992 828 3073 Aaron,
856 3002 984 3057 mortua
1004 3003 1054 3056 est
1073 2994 1107 3057 iu
1128 2992 1274 3071 desorto,
1302 3005 1474 3077 antequam
1497 2990 1588 3055 lndei
1616 2990 1775 3055 intrarent
1795 3004 1914 3057 terram
1938 2998 2073 3081 promis·

404 3108 515 3189 sionis,
536 3108 627 3171 cuius
646 3119 794 3193 tempora
815 3118 892 3171 nota
913 3120 987 3173 aunt
1009 3108 1117 3173 iudeis
1139 3122 1171 3171 et
1191 3108 1396 3189 Christiania,
1421 3130 1486 3193 qno
1511 3120 1655 3193 tempore
1677 3106 1893 3171 certissimum
1916 3123 1963 3173 est
1986 3110 2073 3198 quod

402 3246 462 3289 nec
483 3222 586 3288 Roma
606 3220 713 3287 adhuc
734 3222 867 3288 lundata
888 3238 974 3305 erat,
1003 3247 1063 3289 nec
1091 3224 1243 3311 templum
1266 3222 1481 3305 iherusalem,
1510 3246 1582 3287 cnm
1608 3234 1716 3286 tamon
1745 3234 1890 3309 tempore
1913 3226 2073 3311 passionis

403 3338 525 3405 Christi
548 3339 688 3403 ministri
710 3353 742 3403 et
764 3340 934 3425 pontifices
956 3340 1068 3427 templi
1089 3352 1300 3418 testarentur,
1322 3338 1407 3427 quod
1431 3360 1490 3403 noc
1512 3334 1669 3403 haberent
1692 3358 1801 3421 rogem
1824 3340 1886 3403 nisi
1909 3338 2073 3407 Cesaram.

403 3454 498 3519 Vnda
523 3454 686 3521 fluxerunt
722 3458 805 3521 inter
834 3476 932 3519 cnam
958 3453 1128 3521 historiam
1154 3468 1185 3519 et
1205 3454 1304 3521 aliam
1334 3468 1364 3519 et
1396 3456 1479 3519 inter
1506 3476 1603 3519 vnam
1625 3452 1762 3518 Mariam
1791 3466 1821 3517 ct
1843 3451 1980 3521 alteram
2002 3457 2073 3545 plus
2095 3478 2123 3527 tt

402 3592 499 3657 qnam
520 3568 606 3635 mille
626 3584 657 3635 et
679 3571 847 3657 quingenti
866 3573 953 3635 anni.

526 3686 601 3773 lpse
621 3698 729 3751 autem
740 3684 963 3752 Machomctus
983 3685 1061 3752 dicit
1075 3688 1108 3751 in
1125 3686 1269 3775 capitulo
1292 3692 1434 3749 Etctrsmu
1448 3691 1515 3765 ²⁰⁶),
1538 3682 1623 3773 quod
1636 3686 1868 3773 intorpretatur
1883 3692 1964 3763 tuna,
1987 3690 2072 3777 quod
2095 3716 2121 3765 rr

400 3800 478 3867 luas
499 3803 604 3865 scissa
623 3802 684 3866 luit
704 3815 848 3889 temporo
870 3824 947 3883 suo,
966 3813 999 3865 ct
1019 3800 1127 3867 media
1150 3824 1227 3889 pars
1250 3800 1369 3867 cecidit
1391 3824 1490 3889 super
1511 3824 1610 3865 vnum
1632 3814 1792 3877 montem,
1814 3802 1869 3889 qui
1891 3802 2073 3891 appellatur

401 3918 535 3999 rubeus,
563 3914 686 3981 atalia
714 3916 869 3981 medietas
891 3940 990 4005 super
1010 3915 1108 3983 alium
1127 3930 1267 3983 montom
1289 3940 1331 3981 ex
1354 3916 1419 3983 alia
1441 3930 1534 4005 parte
1556 3918 1708 3981 ciuitatis.
1752 3918 1816 3981 Sed
1837 3918 1996 4007 quomodo
2017 3943 2071 4008 po·
2094 3952 2122 4001 ,s

400 4036 461 4099 tuit
484 4032 589 4099 scindi
607 4032 713 4097 luna?
738 4043 772 4097 et
790 4033 818 4097 si
840 4032 900 4097 fuit
922 4034 1041 4113 scissa,
1073 4030 1152 4119 quid
1174 4032 1272 4098 habet
1292 4032 1333 4097 de
1356 4044 1476 4099 natura
1499 4034 1646 4120 corporis
1668 4034 1796 4117 grauis,
1827 4034 1904 4121 qnia
1930 4034 2071 4101 cecidit?

400 4162 433 4214 et
460 4152 488 4214 si
511 4148 644 4228 cecidit,
671 4146 831 4235 quomodo
859 4170 925 4213 aon
945 4150 1119 4235 occupauit
1140 4170 1293 4233 magnam
1315 4162 1441 4236 partam
1464 4151 1574 4213 terre?
1603 4146 1653 4213 vel
1681 4170 1770 4211 marr
1800 4160 1830 4213 et
1853 4149 1984 4215 humida
2007 4175 2070 4217 non

400 4279 475 4331 snut
496 4268 653 4331 contina?
682 4264 733 4327 vel
753 4264 913 4351 quomodo
943 4266 1047 4351 potuit
1069 4262 1169 4329 latere
1189 4278 1313 4329 tantum
1335 4264 1526 4331 miraculum
1550 4266 1607 4327 toti
1638 4262 1786 4329 mundo?
1821 4264 1887 4329 Nec
1910 4266 1971 4351 ipsi
1995 4270 2068 4332 Sar·
2092 4296 2121 4345 ω

399 4383 511 4447 raeani
531 4380 592 4447 hoc
613 4392 780 4467 exponunt
798 4377 998 4467 yperbolice,
1020 4392 1077 4445 sut
1097 4377 1368 4461 similitudinarie,
1394 4379 1443 4446 val
1465 4380 1574 4467 aliquo
1596 4378 1691 4443 modo
1712 4378 1884 4467 spirituali,
1907 4382 1991 4445 sicut
2012 4406 2070 4447 nos

399 4496 522 4585 aliqua,
548 4518 611 4584 que
631 4498 663 4561 iu
684 4494 862 4584 apocalipsi
890 4510 983 4576 sunt,
1011 4494 1069 4561 scd
1097 4518 1208 4561 omnes
1229 4498 1456 4583 esposicionos
1477 4518 1587 4561 eornm
1608 4508 1775 4581 exponunt
1797 4492 1839 4559 ad
1861 4494 2014 4576 litteram,
2037 4513 2068 4565 et

399 4610 520 4691 dicuat,
543 4610 630 4699 quod
652 4610 727 4677 luna
750 4633 826 4677 vcra
848 4614 950 4677 scissa
971 4628 1031 4693 est,
1051 4614 1127 4699 quia
1149 4612 1371 4678 Machomstus
1394 4614 1496 4679 innuit
1519 4615 1584 4684 cis,
1606 4609 1691 4699 quod
1717 4612 1763 4675 sic
1786 4612 1906 4676 lacerat
1930 4612 1972 4677 ad
1993 4638 2068 4679 con·

397 4726 591 4793 firmandum
613 4724 790 4814 discipulos
811 4750 895 4806 suos,
916 4730 972 4815 qui
994 4726 1037 4794 ab
1057 4752 1096 4793 eo
1117 4728 1268 4815 patebant
1291 4730 1427 4813 signnm.

626 4940 802 5007 xxxltn.
845 4943 974 5023 QUOD
998 4943 1088 5009 LEX
1113 4944 1339 5011 Pusstncra
1363 4944 1447 5011 EST
1469 4940 1840 5009 ranacnm'aalals.

522 5090 581 5157 Est
602 5094 687 5157 onim
709 5091 1062 5158 doctriuahlachometi
1081 5092 1331 5159 irracionabilis.
1373 5096 1455 5175 Quis
1478 5095 1562 5157 enim
1586 5112 1735 5177 umquam
1759 5104 1864 5179 potest
1887 5092 2062 5161 racionabi·
2086 5100 2101 5215 p

398 5208 459 5274 lam
482 5232 614 5273 csusmn
636 5210 805 5292 assignare
825 5207 866 5273 de
886 5233 934 5286 oo,
956 5206 1107 5293 quodibi
1129 5210 1285 5297 scriptum
1307 5222 1355 5273 est
1377 5208 1418 5273 de
1440 5206 1574 5295 repudio
1589 5208 1725 5271 vxoris‘l
1749 5206 1830 5271 Nam
1848 5206 1892 5271 ibi
1909 5212 2063 5297 scriptum
2086 5244 2100 5289 ³

397 5336 462 5404 est,
490 5322 577 5409 quod
604 5338 682 5412 quot
703 5322 828 5389 vicibus
850 5322 1074 5411 repudisucrit
1093 5348 1180 5405 nam,
1207 5337 1314 5413 potest
1336 5348 1407 5389 cnm
1427 5322 1652 5401 naoneilisrs,
1682 5320 1738 5383 sod
1770 5336 1842 5407 pom
1864 5326 1996 5391 tcrciam
2021 5350 2055 5391 re

398 5438 623 5527 pudiscioucm
646 5442 672 5505 si
696 5438 749 5503 srlt
770 5462 841 5505 carn
864 5438 1092 5512 reconciliare,
1120 5454 1247 5527 oportet
1269 5438 1356 5529 qnod
1385 5444 1475 5529 prius
1497 5438 1637 5525 accipiat
1658 5460 1729 5501 earn
1753 5460 1833 5503 vaus
1855 5438 1938 5505 altor
1960 5452 1990 5503 nt
2013 5464 2065 5507 co·

396 5566 534 5636 gnoscat
553 5578 635 5621 csm.

520 5670 664 5737 llaxirae
685 5694 762 5739 vero
784 5670 1010 5736 irracionabile
1033 5672 1163 5737 videtur
1182 5687 1214 5737 et
1236 5671 1451 5761 impossibile,
1480 5668 1565 5759 quod
1584 5672 1616 5735 in
1640 5666 1786 5755 pluribus
1808 5668 1887 5735 locis
1911 5674 2098 5759 scriptume

458 5910 518 5967 ros
553 5916 697 5967 anm
718 5906 744 5962 o
1315 5912 1386 5969 ans
1411 5906 1462 5965 aa
1484 5904 1564 5966 ms.
1583 5878 1671 6035 {gii
1709 5906 1874 5977 sumar).
1919 5906 1973 5965 nn
1999 5924 2067 5965 mn

1253 6006 1333 6067 mv.

1829 6122 1858 6169 ltt
