5284 7042
1190 734 1246 793 1117

507 908 551 973 Et
571 919 773 974 transeuntes
796 910 978 976 Bethuliam
999 908 1203 975 ascendimus
1224 922 1362 974 montem
1389 914 1520 983 Thabor,
1545 910 1684 995 quinque
1706 908 1855 974 miliaria.
1899 908 1935 973 ln
1958 886 2098 1003 coinel}

385 1026 503 1091 montis
523 1024 680 1089 descensu
700 1022 937 1091 Melchisedech
958 1024 1103 1091 obnisuit
1119 1024 1261 1105 Abrshe,
1282 1036 1317 1089 vt
1339 1022 1456 1089 dicitur
1477 1025 1510 1089 in
1534 1022 1668 1088 historia
1692 1022 1861 1089 scolastica
1883 1024 1924 1087 de
1945 1038 2047 1089 trans·
2066 1020 2098 1135 ἐξ

386 1142 583 1227 dguncione
605 1140 747 1205 Domini.
788 1140 832 1205 Et
853 1140 1091 1229 predicauimns
1116 1140 1229 1205 flentes
1258 1150 1290 1205 et
1311 1138 1509 1205 admirantes
1530 1137 1571 1203 de
1593 1150 1683 1203 tanta
1704 1138 1928 1205 destructione.
1971 1138 2049 1205 lnde
2084 1116 2089 1132 .

385 1254 527 1321 vidimus
548 1267 674 1341 partem
695 1254 835 1337 Arabis,
863 1256 979 1342 viginti
1000 1254 1155 1337 miliaria,
1186 1266 1395 1335 ormontem,
1422 1254 1477 1321 vbi
1504 1252 1553 1319 vel
1578 1252 1661 1319 vnde
1683 1252 1871 1320 deriuantur
1885 1258 1919 1330 ¹³,
1945 1255 2048 1319 leret

383 1370 472 1451 Dan,
492 1372 548 1455 qui
569 1372 703 1435 iniciant
722 1368 903 1437 Iordanem.
945 1370 1024 1436 lnde
1045 1370 1185 1435 vidimus
1206 1384 1331 1435 montes
1353 1368 1487 1452 Gelbes,
1509 1368 1724 1457 quadraginta
1745 1368 1809 1435 duo
1833 1370 1981 1437 miliaria.
2068 1394 2100 1443 ss·

509 1484 562 1551 Ad
583 1486 697 1574 pedem
719 1488 837 1552 montis
859 1486 994 1553 Thabor
1014 1497 1063 1551 est
1084 1509 1220 1573 campus
1241 1508 1377 1571 magnus
1401 1490 1556 1549 Eudo-elon.
2068 1506 2099 1557 37

507 1602 551 1667 Et
580 1613 840 1689 pertranseuntes
862 1608 962 1683 lt'apm
990 1604 1213 1667 destinauimus
1239 1604 1273 1667 in
1293 1600 1472 1681 Nazareth,
1500 1600 1655 1665 tredecim
1686 1598 1834 1665 miliaria.
1879 1600 1920 1665 Et
1941 1624 2050 1667 asceu-
2068 1598 2101 1711 ἐξ

385 1714 499 1783 dantes
517 1718 550 1781 in
570 1729 709 1781 montem
731 1719 878 1783 venimus
899 1724 942 1781 ud
962 1724 1070 1781 saltum
1091 1722 1228 1797 Domini,
1260 1716 1325 1781 duo
1348 1716 1505 1795 miliaria,
1533 1712 1587 1779 vbi
1609 1714 1699 1779 iudei
1722 1714 1891 1780 voluerunt
1914 1718 2051 1805 precipi-

385 1847 457 1899 tare
478 1831 661 1911 Christum,
691 1854 764 1897 cum
785 1834 907 1919 incepit
934 1834 981 1897 eis
1002 1832 1109 1919 legere
1130 1845 1162 1897 et
1182 1832 1360 1920 predicare.
1405 1830 1453 1897 lbi
1485 1830 1620 1915 legimus
1643 1844 1673 1895 et
1695 1830 1934 1917 predicsuimus
1957 1854 2052 1895 euan-
2069 1846 2101 1894 su

385 1948 514 2035 galium.
567 1947 792 2015 (intendebant
820 1964 928 2013 sutem
958 1948 1096 2034 ‹puednm
1129 1948 1266 2034 vestigia
1292 1947 1413 2014 Christi
1445 1946 1564 2034 pedum
1592 1958 1623 2011 et
1645 1948 1770 2011 itineris
1798 1948 1831 2011 in
1862 1969 1957 2018 saxo,
1990 1960 2098 2035 quest

385 2063 540 2131 dis-ebant
561 2088 632 2129 esso
653 2064 791 2149 uestigia
813 2064 930 2151 pedum
955 2064 1085 2130 Christi.

1008 2246 1050 2311 11.
1092 2246 1154 2311 DE
1176 2242 1427 2310 nantaurli.

509 2392 590 2459 Inde
618 2396 765 2459 retunsus
794 2397 826 2459 in
848 2400 1012 2459 lt'esuretl.
1053 2394 1096 2457 Et
1123 2394 1304 2459 inucuimus
1333 2416 1482 2478 magnam
1512 2392 1697 2475 ecelesiam,
1730 2394 1823 2481 quasi
1846 2406 1945 2461 totam
1967 2382 2086 2497 dim-l

385 2527 467 2589 mm,
495 2521 526 2573 et
554 2510 652 2575 nichil
680 2521 750 2575 erat
779 2511 823 2575 ibi
851 2510 891 2575 de
919 2510 1033 2597 primis
1060 2508 1195 2573 esliticiis
1222 2510 1286 2573 nisi
1309 2506 1379 2573 sola
1401 2506 1498 2589 cella,
1527 2506 1581 2573 vbi
1611 2510 1669 2573 suit
1689 2512 1886 2575 annunciata
1905 2508 2052 2586 domium

385 2626 474 2693 illam
499 2628 779 2713 superueneruauit
800 2626 959 2693 Dominus
987 2624 1030 2689 ad
1060 2626 1247 2689 memoriam
1276 2622 1465 2687 humilitatis
1489 2634 1521 2687 et
1542 2628 1753 2712 paupertatis.
1796 2624 1856 2691 Est
1878 2640 1984 2693 sutem
2008 2628 2087 2694 ibit

385 2743 488 2809 altare
509 2742 639 2809 domine
658 2747 691 2807 iu
712 2742 800 2823 loco,
825 2740 883 2806 vbi
904 2740 1018 2807 orabat
1041 2739 1188 2820 domina,
1217 2738 1346 2828 quando
1375 2740 1492 2803 missus
1522 2752 1571 2803 est
1593 2738 1726 2805 Gabriel
1750 2738 1884 2827 angelus
1907 2741 1949 2808 ad
1972 2768 2053 2825 esus,

388 2870 420 2923 et
441 2856 545 2923 altare
566 2856 752 2941 archangeli
774 2856 959 2937 Michaelis,
981 2856 1036 2920 vbi
1058 2856 1144 2919 stetit
1167 2854 1302 2921 Gabriel
1324 2854 1533 2923 adnuncians.
1576 2854 1620 2920 Et
1641 2856 1674 2919 in
1696 2866 1832 2943 utroque
1854 2858 2054 2925 celebrantes
2074 2860 2089 2911 1

388 2976 507 3041 missas
534 2988 566 3039 et
600 2974 806 3061 predicantes
834 2972 968 3038 verbum
991 2972 1054 3036 Dei
1087 2972 1294 3035 circuiuimus
1321 2984 1350 3035 et
1381 2970 1677 3057 perarnbulauimus
1701 2972 1881 3053 ciuitatem,
1914 2978 2056 3041 maxime

387 3090 459 3157 luca
480 3088 551 3170 illa,
579 3112 642 3177 que
669 3090 774 3169 usuagis
805 3086 1054 3177 frequentabant
1082 3086 1213 3151 domina
1241 3098 1273 3150 et
1295 3108 1375 3173 puer
1398 3086 1519 3153 ihesus.
1561 3088 1744 3153 luuruimus
1767 3102 1871 3151 autem
1895 3088 1940 3153 ibi
1964 3090 2089 3156 iuxta&

387 3208 551 3271 ciuitatem
574 3206 710 3285 iontem,
736 3206 792 3291 qui
813 3215 861 3267 est
882 3203 929 3267 ibi
951 3204 983 3267 in
1003 3206 1146 3267 maxima
1166 3205 1378 3267 veneracione
1400 3224 1460 3289 pro
1482 3227 1535 3277 ee,
1558 3200 1643 3289 quod
1666 3202 1796 3267 durniua
1817 3200 1991 3290 aliquando
2014 3206 2055 3271 ad

388 3324 507 3387 iontem
539 3318 628 3385 illurn
646 3322 683 3395 ¹⁸)
716 3333 748 3383 et
781 3340 861 3406 puer
888 3316 1000 3383 lhcsus
1022 3322 1206 3402 t‘respueutcr
1235 3316 1383 3405 portabat
1416 3318 1490 3383 inde
1520 3340 1635 3405 aquam
1663 3320 1767 3385 matri.
1809 3318 1931 3385 luimus
1954 3322 2092 3385 eeiurull

389 3436 433 3501 sd
455 3458 666 3521 syuagogam,
689 3436 720 3499 iu
742 3456 807 3521 qua
827 3434 905 3521 legit
926 3434 1039 3501 lhesus
1064 3434 1195 3499 Ysaisnr
1219 3432 1420 3520 prophetam,
1442 3433 1576 3519 triginta
1597 3432 1745 3499 miliaria.

513 3552 632 3615 Omnis
660 3552 725 3615 ista
752 3548 825 3615 locs
846 3548 971 3615 Galilee
993 3550 1034 3613 de
1055 3551 1160 3636 primu
1182 3571 1283 3637 usque
1311 3548 1354 3613 ad
1378 3548 1522 3615 ultimum
1543 3550 1724 3615 inncuimus
1746 3554 1778 3615 in
1802 3552 2005 3639 possessione
2021 3554 2090 3625 11,ιῖ

389 3670 643 3733 Sarrae-enorum
666 3666 801 3753 purifico
821 3681 853 3731 et
873 3667 988 3753 quiete.

515 3782 565 3847 De
597 3782 759 3848 Nazareth
795 3784 942 3847 venimus
975 3784 1007 3847 in
1037 3784 1175 3843 (listram
1206 3784 1403 3862 Zesetuaum,
1442 3781 1552 3847 decens
1590 3780 1736 3847 miliaria.
1802 3782 1851 3847 lbi
1886 3796 1980 3849 natus
2010 3772 2092 3881 est3

397 3898 557 3965 lohannes
579 3898 779 3983 euangelista
802 3913 831 3962 et
853 3897 1001 3978 lacobus,
1022 3895 1080 3961 tilii
1100 3896 1251 3961 zebedei.
1293 3896 1343 3961 lbi
1367 3896 1514 3963 habitant
1535 3898 1719 3963 Christiani.

515 4012 594 4080 lude
616 4016 737 4078 reuersi
760 4014 877 4077 suimus
899 4014 932 4078 in
955 4014 1074 4088 Accun,
1097 4014 1260 4076 ciuitatem
1283 4012 1552 4077 Christianorum.
2080 3981 2111 4097 li

641 4228 697 4293 111
740 4226 802 4293 DE
823 4227 973 4294 ACCON
995 4226 1052 4291 ll'l'
1076 4226 1218 4293 lituus
1241 4226 1299 4291 ET
1324 4226 1472 4292 l'llltlts
1491 4226 1811 4293 Puosttsslouls.

516 4376 699 4441 Dedecus
728 4398 806 4441 uero
832 4378 1020 4441 festinantes
1051 4399 1163 4440 versus
1191 4375 1386 4441 iherusalem
1418 4376 1565 4440 venimus
1592 4376 1634 4439 ad
1665 4388 1837 4441 torrentem
1862 4384 1974 4457 thren,
2005 4376 2092 4445 ubit

392 4493 512 4563 occidit
539 4490 653 4557 ileliae
681 4516 739 4580 per
769 4516 883 4557 manus
910 4494 1131 4559 ministrorum
1160 4492 1361 4577 octingentos
1391 4504 1422 4555 et
1451 4492 1687 4581 quinquaginta
1718 4491 1894 4577 prophetas
1921 4492 2001 4557 Baal
2032 4511 2062 4558 et

392 4610 547 4677 lucorum.
595 4612 700 4691 Quem
730 4620 933 4673 transeuntes
958 4611 1104 4673 venimus
1133 4605 1177 4671 ad
1209 4614 1331 4687 theson
1345 4612 1383 4685 ¹⁶)
1411 4608 1589 4678 ciuitatem,
1620 4618 1759 4695 quatuor
1783 4606 1936 4687 miliaria,
1973 4610 2096 4687 iustas

393 4748 493 4791 mue
534 4726 578 4789 Et
607 4725 682 4789 inde
710 4726 855 4789 venimus
882 4722 925 4789 ad
956 4722 1207 4811 pulcherrimum
1235 4723 1442 4788 monticulum
1471 4728 1618 4795 thmueli,
1649 4722 1702 4787 ubi
1725 4722 1837 4787 Helias
1864 4747 2064 4809 eiirrgregsre
2082 4760 2097 4803 3

393 4841 470 4907 iecit
502 4840 738 4907 multitudinem
760 4838 860 4903 lsrael
890 4853 919 4904 et
949 4841 1088 4903 conuicit
1117 4837 1304 4902 sacerdotes
1335 4838 1423 4903 Baal.
1465 4838 1544 4903 Inde
1572 4840 1717 4903 venimus
1748 4838 1790 4903 ad
1814 4844 1951 4903 Castrum
1977 4844 2096 4921 Pero,

390 4958 543 5039 pristin),
572 4957 660 5045 quod
689 4969 738 5020 est
765 4954 874 5021 nubile
899 4968 1043 5019 castrum
1072 4952 1316 5041 ternplariorum
1343 4956 1435 5019 iuxta
1465 4976 1561 5018 mare.
1604 4954 1683 5017 lnde
1712 4956 1826 5039 viginti
1860 4953 1999 5021 miliaria
2022 4956 2098 5033 ads

392 5084 535 5138 castrum
559 5078 657 5135 aneso
673 5076 710 5139 ¹⁸)
762 5072 841 5137 indo
864 5070 975 5135 decem
997 5085 1027 5134 et
1055 5083 1128 5135 octo
1152 5068 1293 5134 miliaria
1319 5067 1520 5133 adsumtum
1544 5070 1766 5149 (leurpiumlt).
1810 5067 1888 5134 lude
1916 5072 1949 5133 in
1971 5066 2099 5148 fimat}

391 5190 555 5269 pennu),
582 5192 637 5276 qui
669 5188 728 5253 suit
748 5185 872 5251 viculus
902 5186 1115 5251 sacerdotum.
1165 5186 1244 5251 lude
1273 5186 1418 5249 venimus
1446 5186 1478 5249 iu
1502 5190 1652 5247 Romatio
1683 5186 1715 5249 iu
1744 5196 1882 5249 muntem
1907 5153 2099 5271 llfirayml,

396 5308 453 5389 qui
474 5318 522 5369 est
543 5307 606 5369 tris
627 5302 768 5369 miliaria
789 5300 832 5367 ab
854 5302 1062 5367 llueruaaleru.
1105 5300 1148 5366 Et
1168 5300 1373 5365 s'isitauimus
1394 5298 1523 5365 domum
1547 5300 1715 5365 Samuelis.
2084 5324 2100 5367 s

460 5510 510 5575 1³)
530 5504 608 5565 Cod.
630 5504 667 5565 G.
689 5504 866 5565 dsriuantes.
1318 5510 1365 5573 ts)
1388 5506 1529 5561 samium
1559 5502 1727 5579 Cicereium}
1764 5500 1901 5561 Fossam
1930 5502 2068 5562 Rieoldus

462 5606 510 5672 11)
532 5602 670 5663 Fortasse
689 5602 887 5683 supplendum
908 5614 953 5662 est
977 5604 1091 5659 leuauit
1100 5601 1209 5681 filiam.
1252 5602 1323 5661 dicit
1346 5600 1490 5681 lsyddam.
1534 5598 1581 5661 Cl'.
1606 5598 1804 5660 linrchardnm
1826 5598 1978 5661 dedicate
1996 5602 2067 5661 Sion

463 5706 509 5772 ts>
530 5702 742 5777 mirationem
764 5704 803 5761 G.
1195 5748 1203 5761 ,
1253 5700 1289 5761 V.
1313 5706 1341 5771 2,
1362 5710 1390 5759 et
1413 5720 1488 5781 quse
1510 5698 1550 5759 ihi
1572 5699 1787 5759 annotavimus.

462 5804 510 5871 tu,
537 5800 647 5877 Capsu}
668 5820 746 5861 nunc
767 5798 873 5867 llsila,
894 5798 964 5857 olim
988 5798 1105 5879 llepha
1311 5802 1363 5867 20)
1387 5800 1567 5875 aesopum}
1602 5796 1689 5857 lisud
1717 5800 1777 5859 scio
1808 5818 1846 5859 aa
1876 5819 1933 5859 non
1964 5802 2001 5859 sis
2027 5820 2067 5859 re·

460 5904 510 5959 tr·
533 5901 670 5957 tharra·
693 5898 858 5977 Pereprins]
880 5916 959 5955 nunc
981 5896 1085 5957 stuta
1253 5919 1323 5957 cens
1354 5898 1419 5955 Brit
1454 5898 1555 5968 ⁴l'rlhu,
1595 5898 1861 5975 crucesignatorum
1892 5898 2068 5957 autumnus.

462 6004 510 6069 ts>
529 5998 636 6073 sucu}
651 5996 859 6058 nuuclialsuu.
882 5995 928 6055 Ct‘.
943 5996 1036 6055 llitter
1048 5994 1132 6055 xvi.
1144 6002 1209 6057 us.
1254 5996 1300 6055 l'l.
1326 5996 1417 6055 llitter
1438 5994 1521 6055 XVI.
1545 6000 1613 6055 513.
1636 6000 1702 6057 urs.

1813 6110 1859 6159 tl'
