5284 7042
1409 720 1466 779 110

551 920 584 969 55
725 892 770 957 Bt
798 892 1023 959 descendimus
1047 919 1107 983 per
1134 898 1239 979 viam,
1270 920 1329 983 per
1357 919 1455 984 quam
1482 897 1648 963 descendit
1668 894 1817 963 Christus
1848 918 1917 962 cum
1940 898 2146 984 processione
2169 896 2204 960 in
2224 894 2277 959 die

551 1023 583 1071 61
601 1010 771 1075 6116611161,
814 1008 859 1073 Et
880 1012 1027 1075 venimus
1049 1013 1091 1076 ad
1110 1028 1231 1091 portam
1251 1036 1392 1095 auream,
1421 1034 1479 1099 per
1501 1034 1597 1099 quam
1619 1014 1752 1079 intrauit
1773 1012 1933 1079 Dominus
1963 1034 2036 1077 6661
2060 1012 2277 1100 processione.

550 1146 583 1193 sa
602 1125 674 1205 Qua
695 1136 791 1211 porta
813 1138 862 1189 est
883 1124 926 1189 ad
946 1126 1046 1212 pedes
1067 1128 1190 1214 templi.
1758 1132 1763 1143 '

551 1253 583 1302 aa
723 1240 854 1305 Deinde
875 1240 1087 1307 ascendentes
1107 1246 1142 1307 in
1162 1244 1339 1326 ciuitatem,
1362 1254 1397 1308 vt
1418 1244 1538 1309 iremus
1560 1247 1593 1309 in
1614 1242 1812 1325 Bethlehem,
1835 1246 1995 1309 exiuimns
2018 1246 2165 1309 6611616
2187 1267 2276 1309 mon·

550 1370 583 1421 60
600 1367 665 1423 tem
688 1362 777 1436 Syon.
820 1357 865 1421 Et
886 1360 1067 1423 inuenimns
1095 1370 1190 1425 extra
1212 1361 1377 1425 ciuitatem
1406 1359 1528 1425 1661661
1548 1365 1644 1440 116661
1650 1409 1657 1435 ,
1681 1358 1742 1439 ⁸ubi
1763 1360 1824 1424 luit
1845 1371 1934 1425 ortus
1956 1360 2082 1446 regius,
2111 1359 2275 1427 61111116-

600 1475 682 1553 nias,
706 1472 792 1537 tilius
813 1472 922 1557 Agith,
946 1474 1023 1539 fecit
1043 1478 1237 1555 conuiuium,
1258 1498 1330 1539 cum
1353 1474 1449 1539 vellet
1470 1498 1618 1561 regnare.

551 1596 580 1645 61
725 1588 806 1653 1616
836 1588 1047 1675 procedentes
1078 1593 1265 1676 perviam,
1294 1614 1470 1679 perquam
1493 1602 1650 1655 venerunt
1670 1592 1758 1675 magi
1786 1612 1898 1655 versus
1919 1590 2124 1667 Bethlehem,
2152 1594 2276 1657 inueni·

551 1718 673 1771 611666
696 1703 813 1785 locum,
835 1704 891 1767 vbi
913 1703 1007 1768 stella
1025 1707 1178 1792 apparuit
1199 1710 1253 1771 eis.
1296 1708 1340 1771 Et
1361 1708 1406 1771 ibi
1429 1720 1477 1772 661
1498 1706 1690 1772 6661661616
1711 1706 1897 1772 memoriam
1920 1706 2020 1773 stelle.

551 1800 585 1916 ἓξ
724 1821 806 1885 1616
832 1821 1015 1884 1666616166
1041 1820 1084 1885 ad
1115 1832 1252 1906 quatuor
1281 1823 1422 1887 miliaria
1451 1826 1616 1905 martires,
1648 1822 1703 1887 vbi
1727 1822 1962 1907 transportauit
1983 1844 2038 1887 eos
2059 1822 2119 1889 leo.
2160 1820 2206 1887 Bt
2227 1836 2274 1887 est

602 1937 649 2003 ibi
669 1938 899 2001 monasterium
919 1935 1099 2023 pulchrum,
1121 1937 1178 2002 vbi
1199 1938 1348 2003 habitant
1368 1938 1518 2003 monachi
1540 1938 1802 2004 Sarracenorum.

551 2059 585 2109 65
725 2052 806 2117 1616
833 2053 979 2117 venimus
1010 2054 1044 2117 in
1074 2052 1213 2118 mediam
1241 2056 1327 2119 viam
1359 2056 1442 2119 inter
1463 2053 1660 2119 iherusalem
1689 2064 1720 2117 et
1746 2052 1933 2117 Bethlehem
1966 2052 2009 2116 ad
2041 2053 2148 2118 locum
2169 2052 2272 2132 Helie,

603 2192 700 2233 vnum
722 2167 856 2233 miliare.

552 2261 584 2377 ἓξ
726 2284 807 2349 1616
834 2288 979 2350 venimus
1011 2286 1075 2350 duo
1104 2285 1245 2350 miliaria
1273 2284 1316 2349 ad
1338 2290 1523 2364 sepolchrum
1541 2286 1682 2349 1166116116
1710 2284 1803 2347 1111116
1825 2284 1910 2348 viam
1932 2282 2064 2351 Effrate.
2109 2282 2204 2363 Quod
2226 2306 2273 2347 se-

604 2399 774 2487 pulchrum
796 2423 894 2487 quam
914 2401 1031 2484 nobile,
1054 2423 1151 2486 qnam
1172 2404 1339 2487 antiquum
1362 2402 1412 2483 sit,
1435 2404 1540 2487 ipsum
1562 2420 1643 2487 opus
1664 2408 1807 2463 testatur.

552 2484 585 2600 113
725 2515 806 2580 1616
832 2518 979 2581 venimus
1009 2516 1053 2581 ad
1074 2541 1207 2597 campum
1230 2520 1365 2581 cicerum.
1407 2516 1547 2598 Dicunt,
1574 2514 1674 2601 quod,
1703 2538 1775 2579 cum
1797 2516 1944 2581 Christus
1970 2515 2125 2579 transiret
2145 2513 2221 2579 inde
2242 2524 2273 2578 61

604 2644 753 2715 quereret
775 2655 795 2695 a
813 2632 1000 2697 laboremne
1022 2634 1200 2698 seminante
1221 2635 1337 2713 cicera,
1360 2632 1488 2697 dicens:
1510 2630 1620 2715 „Quid
1637 2631 1832 2697 seminas?“
1851 2630 1905 2697 ille
1919 2628 2101 2716 respondit:
2121 2630 2271 2713 „Semino

552 2729 760 2844 1116611665(
801 2746 950 2814 Christus
972 2748 1070 2813 dixit:
1094 2748 1160 2831 „Bt
1178 2748 1303 2835 lapides
1327 2747 1528 2833 recolligcs.“
1570 2746 1710 2825 Extunc,
1730 2756 1764 2811 vt
1785 2747 1912 2829 dicitur,
1936 2744 2034 2811 nichil
2058 2746 2105 2811 ibi
2127 2747 2271 2811 nascitur

601 2863 665 2927 nisi
688 2862 765 2927 dicti
786 2863 897 2951 lapilli.

1234 3048 1271 3111 V.
1314 3046 1377 3112 DE
1400 3046 1655 3112 BETHLEEM.

570 3206 581 3255 1
726 3194 806 3259 1616
827 3197 973 3260 venimus
995 3196 1028 3259 in
1047 3202 1210 3273 Bethleem,
1234 3198 1398 3262 ciuitatem
1421 3195 1601 3283 paruulum,
1624 3196 1679 3261 vbi
1700 3204 1859 3260 natusest
1879 3192 2033 3281 paruulus
2057 3193 2110 3258 ille
2126 3216 2269 3281 magnus.

568 3308 1320 3397 11616666666616161666166661661661
1351 3310 1481 3377 domiue
1511 3324 1620 3377 nostre
1648 3320 1680 3375 et
1705 3312 1738 3375 in
1771 3308 2157 3385 666166161166166111161,
2188 3310 2272 3398 quod

602 3435 672 3490 erat
698 3427 754 3488 via
783 3428 897 3490 stricta
926 3425 983 3490 vbi
1011 3450 1053 3491 ex
1081 3439 1174 3513 parte
1203 3452 1267 3493 vna
1295 3440 1366 3493 erat
1388 3451 1539 3516 presepe,
1577 3428 1632 3493 vbi
1654 3438 1830 3515 posuerunt
1850 3427 2043 3507 Dominum,
2076 3436 2108 3491 et
2134 3448 2175 3491 ex
2210 3424 2273 3491 alia

567 3530 697 3646 {parte
717 3544 770 3605 vie
794 3550 865 3605 erat
885 3544 979 3628 quasi
1001 3542 1140 3629 quedam
1162 3548 1269 3632 cripta
1292 3555 1324 3608 et
1346 3556 1474 3610 antrum
1496 3568 1684 3632 pauperum.
1726 3542 1771 3609 Et
1792 3544 1838 3609 ibi
1860 3541 2052 3607 babitabant
2073 3542 2191 3606 stricte.
2230 3542 2272 3607 Et

569 3656 649 3729 sibi
679 3666 728 3721 est
760 3654 878 3740 altare,
904 3657 960 3722 vbi
992 3661 1120 3747 peperit
1149 3661 1280 3725 domina
1307 3672 1429 3727 nostra.
1471 3662 1521 3725 lbi
1553 3661 1758 3749 predicantes
1786 3670 1817 3723 et
1845 3658 2046 3723 celebrantes
2066 3669 2097 3722 et
2120 3657 2272 3745 populum

603 3774 875 3838 communicantes
911 3786 985 3858 post
1018 3779 1189 3840 missarum
1224 3777 1402 3864 solempnia
1435 3778 1615 3842 inuenimus
1651 3777 1685 3839 in
1713 3776 1862 3863 presepio
1892 3774 2145 3860 pulcherrimum
2171 3775 2271 3839 insan-

568 3900 683 3969 otem,
717 3888 817 3953 filium
843 3890 1041 3976 paupercule
1062 3892 1264 3973 Christiane,
1301 3914 1362 3979 que
1396 3892 1565 3957 habitabat
1596 3893 1690 3956 iuxta
1721 3890 1901 3955 ecclesiam.
1942 3888 1986 3953 Et
2014 3890 2049 3953 in
2078 3912 2116 3955 eo
2138 3889 2273 3955 letantes

601 4005 808 4070 adorauimus
836 4005 1000 4071 Christum
1029 4019 1140 4073 natum
1167 4021 1199 4074 et
1226 4007 1269 4072 61
1297 4008 1429 4073 6161616
1458 4030 1625 4093 magorum
1660 4006 1794 4093 paruulo
1829 4006 1942 4070 dantes
1970 4026 2107 4070 munera
2134 4005 2273 4073 reddidi-

602 4143 673 4185 mus
696 4123 801 4184 matri.

569 4254 583 4303 t
725 4235 807 4300 Inde
829 4236 1054 4303 descendimus
1076 4238 1119 4303 ad
1141 4246 1234 4303 1661611
1250 4253 1424 4322 pastorum,
1448 4241 1501 4327 qui
1532 4251 1624 4304 erant
1649 4240 1683 4303 in
1704 4238 1837 4323 regione
1858 4236 1971 4301 eadem
1993 4239 2026 4301 in
2048 4238 2149 4301 torcio
2171 4237 2271 4303 milia·

569 4350 876 4417 61166Β611116616.
918 4353 971 4417 Ibi
992 4356 1094 4420 66116
1117 4358 1273 4421 memoria
1283 4357 1324 4432 ³³)
1347 4356 1683 4443 pastorumlmaxima
1703 4354 1797 4418 ruina
1821 4351 2045 4435 ecclesiarum,
2068 4374 2130 4438 que
2144 4354 2273 4418 1661661

568 4483 584 4532 a
602 4466 648 4531 ibi
675 4466 832 4530 edificate.
874 4467 924 4533 lbi
951 4471 1044 4534 iuxta
1073 4469 1137 4535 duo
1159 4471 1300 4537 miliaria
1322 4483 1371 4537 est
1392 4477 1505 4533 nicatur
1525 4470 1577 4535 vel
1609 4476 1709 4533 666616
1725 4474 1961 4551 prophetaram,
1990 4468 2044 4555 qui
2066 4478 2273 4533 occurrerunt

602 4582 698 4648 Helie
718 4593 749 4646 et
770 4582 912 4664 Heliseo,
935 4596 966 4648 et
988 4584 1158 4651 dixerunt:
1180 4594 1295 4667 „Hodie
1318 4594 1436 4651 tolletur
1454 4590 1588 4649 1661111116
1609 4599 1676 4648 tuas
1694 4610 1714 4647 a
1736 4586 1857 4661 te!“³⁴)

555 4726 584 4775 10
725 4715 805 4779 Inde
827 4715 1037 4781 ascendentes
1060 4722 1237 4804 perviam,
1260 4743 1322 4807 que
1344 4719 1433 4785 ducit
1455 4722 1488 4784 in
1512 4718 1692 4793 Bethleem,
1714 4740 1773 4803 per
1796 4717 1898 4797 viam,
1921 4736 2096 4801 perquam
2118 4724 2273 4780 venerunt

552 4858 581 4909 11
602 4841 750 4918 pastores
778 4840 809 4895 61
837 4853 897 4917 per
924 4854 1022 4919 quam
1049 4834 1196 4899 ascendit
1223 4834 1343 4923 Ioseph
1371 4858 1444 4899 cum
1476 4834 1583 4898 Maria
1605 4855 1708 4898 vxore
1739 4838 1935 4919 pregnante,
1960 4832 2140 4895 innenimus
2171 4852 2273 4917 prope

603 4946 769 5011 Bethleem
797 4946 920 5029 locum,
949 4948 1006 5012 vbi
1024 4948 1131 5013 Maria
1150 4960 1182 5013 et
1201 4950 1321 5037 Ioseph
1345 4951 1537 5037 quieuerunt
1557 4950 1636 5013 fessi
1658 4958 1690 5013 61
1712 4946 1876 5013 sitibundi.
1916 4945 1967 5011 Ibi
1990 4944 2198 5011 ostenderunt
2219 4968 2273 5012 no·

602 5062 653 5126 bis
674 5072 822 5148 puteum,
853 5084 947 5149 quem
970 5061 1120 5129 dicebant
1142 5068 1327 5131 excrenisse
1349 5088 1450 5153 vsque
1472 5064 1515 5131 ad
1538 5088 1694 5129 summum
1717 5076 1748 5129 61
1770 5062 1899 5128 dedisse
1921 5070 2032 5150 potum
2054 5062 2176 5146 virgini
2203 5082 2274 5147 pre·

553 5201 584 5252 12
601 5180 714 5261 guanti
736 5187 769 5241 et
790 5201 849 5243 suo
874 5201 1002 5264 sponso.

723 5310 804 5374 lnde
826 5311 1074 5377 reascendentes
1095 5314 1129 5375 in
1143 5311 1319 5391 ,Bethleem
1342 5335 1442 5398 vsque
1466 5312 1508 5377 ad
1538 5313 1644 5379 locum
1666 5313 1845 5377 natiuitatis
1867 5310 2049 5375 inuenimus
2068 5314 2162 5374 161116
2175 5308 2275 5374 66616-

602 5426 683 5490 61616
705 5426 834 5491 1616166
855 5438 965 5493 666116
986 5428 1160 5514 palacium,
1182 5428 1238 5493 vbi
1259 5427 1565 5494 beatusIeronimus
1587 5427 1751 5494 transtulit
1772 5428 1883 5509 libros,
1906 5437 1938 5492 ct
1961 5426 2077 5503 sedem,
2107 5426 2163 5491 vbi
2185 5426 2273 5492 6616-

554 5562 584 5613 13
601 5538 674 5622 bat,
696 5552 728 5605 61
747 5541 855 5607 locum
878 5543 1139 5623 dormicionis³⁵)
1162 5553 1273 5609 sancte
1294 5543 1406 5609 Paule.

726 5670 806 5736 Inde
835 5674 1023 5758 redeuntes,
1050 5688 1086 5740 vt
1113 5678 1233 5741 iremus
1262 5676 1305 5741 ad
1334 5676 1464 5741 domum
1486 5676 1662 5759 Zacharia,
1689 5676 1744 5763 qui
1772 5674 1941 5741 habitabat
1963 5684 2056 5740 extra
2076 5652 2275 5741 [herusalem

666 5892 718 5963 33)
738 5888 885 5963 meroris]
906 5895 1084 5954 memoriam.
1524 5899 1573 5969 35)
1596 5894 1790 5969 menecea]
1820 5893 1924 5953 obitus.
1968 5890 2013 5953 of.
2035 5892 2199 5954 Robinsoni
2220 5893 2279 5951 Pa·

662 5991 713 6061 34)
735 5988 811 6066 Beg.
832 5988 865 6047 ΙΙ
886 5988 963 6063 (IV).
986 5995 1013 6065 2,
1036 5996 1063 6053 3.
1462 5991 1587 6051 16661166
1609 5993 1648 6053 IL
1671 5997 1740 6057 380.
