5284 7042
1391 670 1446 731 108

1174 844 1231 909 lV.
1273 844 1337 909 DE
1359 842 1659 911 fflsuussssu.

550 1009 561 1057 1
705 977 787 1043 Inde
808 980 956 1042 venimus
977 976 1021 1041 ad
1040 976 1257 1059 Iberusalem,
1280 978 1443 1043 ciuitatem
1468 988 1630 1053 sanctam,
1660 998 1722 1061 que
1744 977 1847 1040 eciam
1868 996 1944 1039 vere
1966 986 2073 1062 potest
2095 974 2255 1039 nominari

547 1094 697 1160 sciuitas
725 1094 816 1157 ruine
846 1103 879 1157 et
903 1092 1140 1157 destructionis.
1181 1092 1220 1156 ln
1247 1115 1313 1179 qua
1337 1096 1440 1180 primo
1461 1094 1580 1159 luimus
1603 1090 1646 1157 ad
1667 1088 1838 1155 ecclesiam
1860 1088 2023 1177 sepulchri
2043 1090 2178 1155 Domini
2199 1112 2254 1155 no-

547 1228 563 1278 1
583 1210 641 1273 stri
661 1209 758 1273 lhesu
780 1208 921 1286 Christi,
949 1220 982 1271 et
1008 1231 1074 1273 non
1102 1208 1266 1295 potuimus
1287 1210 1409 1273 intrare
1429 1206 1612 1273 nolentibus
1635 1207 1833 1271 Sarracenis.
1875 1204 1956 1271 Inde
1983 1205 2191 1271 ascendimus
2212 1205 2254 1269 sd

547 1336 729 1389 tmontem
752 1324 859 1409 Syon,
890 1325 1070 1405 ciuitatem,
1104 1346 1201 1409 quam
1223 1324 1388 1389 edifieauit
1407 1334 1439 1389 11
1467 1324 1667 1410 expugnauit
1687 1320 1808 1385 Dauid.
1851 1320 1902 1385 lbi
1928 1322 2111 1387 inueuimus
2132 1336 2255 1386 turrem

580 1438 706 1519 Dauid,
738 1438 778 1502 de
806 1440 959 1503 maximis
988 1448 1020 1502 et
1051 1438 1219 1525 quadratis
1247 1441 1338 1503 saxis
1372 1438 1571 1521 edificatam,
1608 1439 1709 1503 eciam
1740 1436 1826 1523 quod
1841 1437 1883 1515 ²¹)
1911 1434 2111 1503 destruentes
2138 1440 2172 1501 in
2199 1436 2253 1503 dc·

547 1553 737 1620 sstruendo
765 1554 951 1617 defecerunt
980 1565 1012 1617 et
1033 1552 1156 1641 aliquid
1179 1553 1222 1617 ad
1243 1556 1432 1620 memoriam
1453 1554 1658 1641 reliquerunt.
1702 1553 1820 1617 Postea
1841 1553 2023 1617 inueuimus
2044 1553 2166 1635 locum,
2198 1552 2253 1617 vbi

547 1668 1284 1735 61110οΗ11111011111111111011111111101.
1327 1670 1391 1735 Vbi
1414 1693 1498 1734 nuuc
1520 1680 1569 1733 est
1596 1668 1748 1749 ecelesia,
1778 1680 1810 1732 et
1836 1672 1870 1733 in
1899 1668 2036 1735 ecclesia
2064 1666 2253 1733 decollacio-

548 1787 634 1849 7111
658 1794 707 1849 111
726 1807 884 1867 marmor,
911 1786 998 1871 quod
1025 1785 1132 1850 adhuc
1155 1784 1295 1850 ostendit
1315 1786 1449 1850 rubeum
1473 1786 1662 1869 sanguinem
1682 1794 1893 1848 cruentatum.
1934 1784 2053 1848 Postea
2074 1784 2252 1848 inuenimus

549 1901 697 1982 slocum,
720 1899 777 1964 vbi
796 1900 855 1964 fuit
876 1900 1063 1965 cenaculum
1082 1900 1162 1965 illud
1183 1901 1308 1986 grande
1330 1912 1475 1965 stratum.
1518 1898 1583 1963 Vbi
1605 1900 1666 1964 fuit
1687 1898 1837 1963 edificata
1857 1902 2002 1964 maxima
2023 1899 2170 1980 ecclesia,
2192 1920 2253 1985 que

582 2038 625 2079 ex
643 2039 710 2079 vna
730 2026 824 2103 parte
846 2016 987 2080 continet
1008 2015 1123 2079 cellam
1145 2018 1213 2079 siue
1235 2020 1435 2083 mansionem
1457 2016 1550 2081 beate
1563 2014 1668 2079 Maris
1690 2016 1825 2101 virginis
1842 2024 1918 2101 post
1932 2016 2152 2081 ascensionem
2166 2014 2255 2079 Filii.

547 2130 635 2195 9Ex
663 2130 729 2195 alia
756 2142 850 2218 parte
875 2132 909 2195 in
937 2130 1068 2217 longum
1095 2133 1236 2196 continet
1266 2131 1388 2213 locum,
1416 2132 1473 2197 vbi
1501 2136 1627 2195 cenauit
1649 2128 1797 2196 Christus
1827 2154 1899 2195 cum
1922 2130 2090 2219 discipulis
2112 2134 2197 2210 suis,
2225 2146 2256 2193 et

532 2222 563 2339 {41³
583 2246 658 2328 alia,
681 2269 744 2330 quc
762 2248 839 2310 fecit
861 2246 974 2311 eedem
997 2268 1078 2311 sero.
1120 2246 1164 2311 Et
1186 2246 1232 2311 ibi
1252 2258 1302 2311 est
1323 2247 1435 2329 altare,
1457 2244 1512 2311 vbi
1536 2246 1699 2311 ordinauit
1720 2258 1955 2312 sacramentum
1975 2247 2178 2311 eucharistie.
2213 2245 2255 2309 Et

582 2362 629 2427 ibi
654 2365 758 2427 eciam
786 2370 835 2425 est
863 2360 969 2435 locus,
994 2360 1050 2425 vbi
1082 2361 1233 2447 discipuli
1262 2376 1355 2427 erant
1387 2363 1593 2447 congregati,
1621 2363 1749 2447 quando
1777 2364 1881 2427 sactus
1903 2373 1951 2427 est
1972 2372 2105 2449 repente
2127 2361 2168 2427 de
2188 2360 2255 2425 celo

535 2489 689 2542 1110111.
730 2476 774 2541 Et
795 2477 828 2539 in
848 2475 962 2540 eodem
983 2475 1055 2541 loeo
1079 2476 1192 2542 subtus
1217 2492 1267 2542 est
1288 2478 1431 2560 mansio,
1453 2476 1509 2541 vbi
1530 2500 1601 2545 sero
1622 2488 1715 2543 erant
1736 2478 1887 2563 discipuli
1910 2480 2099 2563 congregati
2120 2488 2254 2563 propter

535 2603 564 2652 11
584 2603 706 2657 metum
726 2592 908 2673 iudeorum,
931 2604 963 2656 et
983 2591 1083 2675 loeus,
1105 2593 1160 2657 vbi
1184 2596 1273 2658 stetit
1293 2596 1328 2659 in
1348 2593 1454 2659 medio
1476 2616 1587 2659 eorum
1608 2606 1638 2657 et
1661 2594 1761 2658 dixit:
1783 2594 1874 2676 „Pax
1898 2594 2185 2659 vobiscumt“1bi
2208 2604 2255 2657 est

583 2708 701 2790 altare,
729 2706 839 2795 ibique
866 2708 1101 2772 celebratumus
1129 2720 1161 2772 et
1188 2708 1427 2795 predicauimus
1454 2720 1618 2794 gementes
1639 2724 1669 2773 et
1691 2710 1803 2773 flentes
1826 2722 1857 2773 et
1878 2710 2084 2775 vehementer
2107 2710 2253 2773 timentes

534 2834 565 2885 11
584 2823 690 2888 occidi
709 2847 730 2887 a
752 2824 951 2889 Sarracenis.
995 2822 1047 2887 Ibi
1068 2846 1172 2911 prope
1193 2825 1286 2888 iuxta
1306 2822 1476 2888 ecclesiam
1508 2836 1557 2888 est
1579 2824 1750 2912 columpna
1772 2824 2006 2909 flagellsciouis
2030 2823 2169 2907 Christi,
2199 2824 2254 2888 ad·

533 2913 565 3030 {g
585 2940 649 3004 huc
669 2941 809 3025 vestigio
832 2940 999 3024 sanguinis
1023 2938 1144 3003 Christi
1167 2951 1344 3003 cruentata.
1385 2940 1434 3003 lbi
1456 2942 1549 3005 iuxta
1571 2953 1619 3004 est
1641 2940 1755 3004 domus
1777 2939 1880 3021 Anne,
1904 2942 2007 3005 soceri
2023 2938 2167 3027 Cayphe.
2204 2937 2253 3004 lbi

534 3070 563 3119 17
584 3078 689 3141 prope
711 3067 760 3119 est
777 3055 877 3137 locus,
900 3054 956 3118 vbi
971 3054 1097 3137 Petrus,
1119 3065 1290 3143 postquam
1311 3058 1445 3141 negauit
1460 3056 1634 3137 Christum,
1657 3078 1806 3141 egressus
1827 3057 1915 3119 foras
1931 3056 2021 3119 fleuit
2034 3076 2154 3119 amare.
2192 3052 2254 3117 Vbi

534 3186 564 3235 18
582 3172 616 3235 in
638 3174 827 3236 memoriam
849 3170 1089 3255 negociacionis
1111 3170 1163 3235 vel
1185 3194 1295 3235 amare
1316 3170 1409 3235 fletus
1431 3186 1463 3235 et
1484 3174 1664 3258 penitencie
1677 3172 1765 3235 Petri
1788 3170 1940 3235 edificata
1961 3180 2010 3235 est
2027 3170 2172 3236 ecclesia
2204 3168 2254 3235 lbi

533 3294 564 3344 19
583 3285 814 3352 descendentes
835 3286 876 3350 de
898 3294 1008 3349 monte
1029 3286 1119 3371 Syon
1139 3289 1321 3351 inueuimus
1342 3287 1447 3352 locum
1468 3286 1604 3352 fratrum
1634 3288 1884 3374 predicatorum.
1927 3286 1990 3351 Vbi
2019 3286 2125 3351 adhue
2148 3298 2256 3351 manet

531 3371 564 3488 {i
582 3405 734 3479 ortus²²).
768 3402 830 3466 Est
851 3413 958 3465 autem
979 3400 1069 3466 locus
1090 3404 1175 3467 inter
1194 3403 1347 3489 templum
1363 3402 1546 3468 Salomonis
1569 3414 1601 3467 et
1622 3402 1775 3489 templum
1790 3402 1932 3468 Domini.
1965 3401 2149 3487 Detemplo
2164 3402 2254 3467 Salo·

531 3526 563 3577 11
581 3520 685 3582 monis
699 3517 840 3581 vidimus
852 3518 902 3597 ²³),
927 3516 1012 3581 vnde
1026 3518 1239 3603 precipitatus
1252 3519 1313 3584 fuit
1326 3518 1475 3601 Iacobus,
1490 3520 1590 3583 frater
1605 3518 1747 3583 Domini.
1780 3518 1845 3584 Vbi
1860 3531 1909 3583 est
1923 3520 2099 3582 maximum
2115 3522 2253 3607 precipi-

531 3644 564 3693 11
583 3635 666 3697 cium
681 3657 779 3719 super
791 3632 909 3697 vallem
923 3634 1086 3717 Iosephat.
1104 3632 1207 3712 Quem
1219 3630 1325 3698 locum
1340 3634 1476 3721 repleuit
1488 3634 1640 3699 Salomon
1660 3658 1730 3699 cum
1747 3633 1910 3699 edificauit
1925 3634 2015 3713 [alias
2026 3634 2081 3697 illo
2097 3635 2255 3715 mellel²⁴).

532 3764 565 3813 11
706 3749 786 3812 Inde
808 3758 962 3813 exeuntes
983 3749 1147 3812 ciuitatem
1169 3750 1362 3813 intrauimus
1384 3772 1531 3837 campum
1553 3754 1777 3823 Ansamenses,
1807 3752 1861 3837 qui
1887 3772 1988 3835 vsque
2009 3750 2042 3815 in
2065 3749 2256 3817 hodiernum

532 3862 967 3950 151111111111110111111
993 3864 1247 3949 peregrinorum.
1289 3862 1340 3927 Ibi
1364 3887 1466 3951 prope
1487 3864 1667 3931 inueuimus
1691 3864 1804 3929 cellam
1828 3868 1932 3931 suncti
1952 3864 2101 3931 Eunolrii
2126 3878 2157 3931 et
2179 3866 2255 3932 alio·

583 4003 654 4044 rum
677 3992 862 4045 sanctorum
888 3990 1023 4065 patrum.

532 4101 565 4152 26
705 4096 786 4160 Inde
811 4095 1042 4161 descendentes
1070 4094 1112 4159 ad
1138 4093 1255 4158 vallem
1288 4101 1433 4176 Iosophat
1461 4098 1644 4163 inueuimus
1674 4097 1719 4161 ibi
1746 4094 1894 4161 mirabile
1921 4096 2142 4183 sepulchrum,
2170 4099 2256 4185 quod

582 4210 752 4275 edificasse
776 4211 894 4276 dicitur
915 4212 1069 4276 Salomon
1091 4213 1185 4274 vxori
1209 4233 1281 4292 sue,
1309 4212 1374 4275 filie
1396 4212 1590 4293 Pharaonis,
1620 4234 1716 4297 (psam
1739 4222 1861 4275 tantum
1887 4212 2015 4295 dilexit,
2044 4222 2079 4275 vt
2107 4214 2136 4278 ei
2158 4216 2255 4279 aseri·

582 4327 699 4391 bantur
722 4328 858 4392 Cantica
881 4327 1097 4393 Cantieorum.

532 4455 564 4504 11
706 4442 758 4506 De
785 4442 870 4507 valle
890 4442 1046 4529 Iosaphat
1068 4438 1295 4507 descendimus
1317 4444 1350 4507 in
1372 4443 1515 4525 iericho,
1548 4445 1663 4531 viginti
1684 4443 1839 4524 miliaria,
1869 4466 1928 4531 pet·
1956 4446 2041 4509 viam
2064 4442 2171 4527 illam,
2198 4468 2257 4532 per

532 4566 565 4617 18
583 4580 679 4644 quam
700 4558 918 4623 descendebat
938 4558 1008 4639 ille,
1038 4558 1091 4645 qui
1127 4556 1344 4621 descendebat
1367 4558 1408 4623 ab
1429 4560 1627 4625 lherusalem
1650 4561 1681 4623 in
1703 4558 1837 4624 Iericho.
1882 4558 1952 4638 Qua
1974 4582 2075 4645 vsque
2095 4582 2181 4624 nunc
2204 4560 2255 4624 de-

584 4682 671 4736 serta
693 4684 725 4736 et
744 4672 845 4737 dubia
867 4685 916 4737 est
937 4685 968 4737 et
989 4674 1169 4738 latronibus
1189 4674 1401 4759 frequentata.

532 4800 565 4851 19
708 4788 950 4854 Descendentes
972 4802 1079 4855 autern
1103 4790 1219 4873 viginti
1242 4787 1384 4854 miliaria
1404 4792 1586 4855 inueuimus
1610 4794 1765 4855 munitum
1793 4790 1979 4872 castellum,
2011 4792 2149 4875 quod²⁵)
2170 4792 2257 4855 edili-

585 4908 672 4969 cauit
693 4904 892 4987 Ptolomeus,
914 4906 998 4969 filius
1019 4904 1140 4986 Abobi,
1162 4903 1218 4967 vbi
1240 4905 1357 4969 oceidit
1381 4907 1565 4993 Symouem,
1589 4908 1787 4973 sacerdotem
1811 4930 1973 4992 magnum,
1994 4928 2067 4970 cum
2088 4918 2172 4970 esset
2192 4908 2257 4971 He·

534 5036 567 5086 10
584 5022 681 5087 breus
711 5046 783 5087 cum
812 5020 886 5085 filiis
916 5024 981 5086 suis
1001 5023 1035 5085 in
1056 5019 1224 5100 conuiuio,
1251 5020 1337 5104 quod
1365 5026 1411 5087 eis
1433 5024 1561 5087 fecerat.
1604 5022 1646 5087 Et
1669 5022 1887 5109 usquemodo
1917 5032 1966 5087 est
1985 5022 2030 5085 ibi
2053 5024 2166 5104 turris,
2197 5044 2258 5107 que

587 5137 703 5202 dicitur
727 5161 828 5225 vsque
848 5140 882 5201 in
904 5138 1094 5203 hodiernum
1116 5134 1201 5198 diem
1224 5140 1320 5197 turris
1341 5142 1438 5201 rubea.

535 5261 564 5311 ³1
708 5254 760 5319 lbi
784 5254 1009 5319 descendimus
1034 5268 1171 5339 quatuor
1192 5248 1333 5316 miliaria
1355 5254 1387 5318 in
1411 5258 1533 5327 Iericho,
1556 5276 1617 5341 que
1640 5268 1687 5318 est
1709 5256 1800 5340 quasi
1822 5254 1958 5317 deserta.

648 5441 698 5505 11)
728 5439 820 5495 eciam
849 5440 941 5515 quod]
980 5442 1020 5497 ita
1046 5450 1078 5497 ut
1104 5450 1134 5499 et
1161 5442 1343 5504 destruentes
1371 5442 1401 5499 in
1506 5444 1556 5513 24)
1580 5438 1717 5499 Absurde
1740 5438 1813 5497 haec
1834 5438 1910 5497 iufra
1932 5438 1951 5515 ξ
1975 5442 2011 5499 43
2037 5436 2075 5495 ad
2097 5438 2260 5515 marginem

585 5532 762 5594 destruendo
791 5536 948 5596 deficerent
976 5548 1006 5595 et
1036 5538 1147 5617 aliquid
1173 5540 1401 5600 admemoriam
1442 5536 1579 5613 ponenda
1607 5558 1672 5597 esse
1705 5535 1849 5597 videntur.
1891 5536 1967 5595 Sunt
1994 5537 2071 5595 enirn
2099 5535 2172 5595 nibil
2202 5536 2258 5596 nisi

583 5632 788 5712 relinquerent.
1443 5635 1562 5713 scriptio
1584 5636 1650 5708 alia,
1671 5638 1805 5715 quamvis
1829 5648 1858 5696 et
1879 5638 1943 5715 ipsa
1965 5634 2103 5695 absurda.

647 5734 698 5803 22)
718 5732 810 5807 ortus]
835 5734 853 5793 i.
868 5755 893 5793 e.
914 5733 1023 5793 hortus.
1506 5738 1556 5807 253,
1583 5736 1733 5793 castellum
1759 5735 1845 5813 quod]
1882 5732 1954 5794 Ood.
1983 5732 2018 5793 G.
2053 5736 2137 5792 cl’om
2165 5755 2260 5812 quom,

646 5833 697 5902 23)
719 5830 904 5890 Vocabulum
934 5835 1025 5890 locum
1051 5854 1067 5892 e
1096 5835 1262 5894 coniectura
1291 5833 1399 5893 addere
1442 5835 1461 5891 i.
1489 5854 1515 5891 e.
1544 5832 1704 5891 clausulam
1732 5854 1834 5913 quam,
1864 5832 1916 5893 sed
1940 5832 2089 5911 praecedit
2111 5836 2262 5903 munitum,

586 5950 645 5988 non
665 5950 765 5988 sumus
784 5931 855 5989 ausi.
1443 5954 1500 5991 nou
1525 5933 1674 5991 munitam.
