5284 7042
1418 715 1458 780 88

605 896 729 962 duobus
759 897 870 976 annis,
902 903 933 957 et
960 893 1068 957 statim
1090 891 1225 973 arescit,
1255 889 1311 956 sed
1334 914 1407 957 cum
1427 915 1575 958 arescere
1595 894 1725 980 incipit,
1758 894 1867 958 statim
1890 895 1930 958 de
1951 893 2062 961 radice
2084 897 2152 961 eius
2174 893 2274 961 arbor

604 1015 668 1079 alia
697 1009 873 1101 procedere
899 1008 1029 1094 incipit,
1057 1017 1088 1072 et
1114 1007 1193 1072 facit
1215 1008 1297 1072 sicut
1318 1009 1415 1094 prior.
1456 1008 1551 1074 Folia
1572 1009 1699 1074 arboris
1719 1008 1814 1075 huius
1836 1009 1933 1096 longa
1954 1021 2029 1076 sunt
2049 1011 2094 1076 ad
2114 1021 2275 1076 staturam

602 1129 741 1194 hominis
769 1127 913 1205 unium),
943 1122 1043 1200 latal)
1070 1145 1147 1188 uero
1175 1124 1237 1206 ita,
1267 1133 1301 1188 ut
1333 1123 1459 1190 duobus
1484 1123 1570 1190 foliis
1598 1137 1709 1211 posset
1738 1127 1904 1212 cooperire
1931 1125 2049 1214 aliquis
2078 1136 2181 1193 totum
2203 1148 2272 1191 cor-

602 1268 662 1332 pus
683 1265 784 1310 suum.

730 1363 820 1422 Uinea
840 1355 938 1422 multe
960 1355 1088 1419 suntin
1108 1364 1195 1419 terra
1216 1365 1344 1435 saneta,
1375 1365 1407 1418 et
1426 1353 1534 1442 plures
1557 1370 1677 1438 essent,
1708 1357 1767 1422 sed
1790 1357 1867 1444 quia
1890 1356 2081 1438 Sarraceni,
2110 1360 2167 1445 qui
2187 1379 2275 1422 nnnc

602 1487 722 1542 terram
745 1483 863 1554 tenent,
883 1495 948 1538 uon
969 1469 1084 1535 bibunt
1105 1471 1224 1550 uiuum,
1246 1469 1309 1534 nisi
1331 1471 1449 1535 furtiue
1470 1471 1601 1558 quidam
1625 1495 1667 1538 ex
1688 1473 1745 1554 eis,
1766 1472 1840 1538 ideo
1860 1476 1971 1538 uineas
1993 1496 2058 1538 non
2072 1473 2192 1554 colunt,
2214 1471 2274 1538 sed

603 1591 780 1671 destruunt,
802 1590 866 1653 nisi
887 1587 984 1676 pauci
1004 1586 1088 1650 forte
1110 1587 1357 1672 propinquiores
1380 1584 1592 1670 Christianis,
1614 1589 1669 1673 qui
1691 1587 1800 1654 colunt
1818 1611 1874 1653 eas
1895 1600 2030 1676 propter
2052 1601 2216 1678 questum,
2238 1599 2275 1653 ut

604 1708 798 1776 Christianis
820 1701 970 1769 uendent.
1013 1701 1074 1766 Est
1094 1711 1200 1766 autem
1222 1701 1333 1766 uinum
1361 1712 1447 1766 terre
1467 1713 1578 1768 sancte
1599 1703 1695 1770 ualde
1721 1704 1843 1769 bonum
1870 1716 1903 1768 et
1923 1703 2048 1786 nobile,
2079 1715 2111 1770 et
2131 1706 2274 1769 maxime

603 1826 691 1890 eirca
718 1819 906 1886 Bethlehem
932 1821 965 1882 iu
995 1817 1079 1882 ualle
1108 1817 1281 1904 Raphaym
1310 1829 1341 1882 et
1368 1818 1538 1905 deinceps,
1570 1818 1626 1884 ubi
1654 1820 1795 1885 mlernnt
1821 1823 1855 1884 in
1883 1829 2006 1898 nectes)
2026 1819 2193 1908 palmitem
2214 1819 2273 1885 filii

602 1937 716 2005 Israel.
759 1936 856 2004 Circa
877 1933 1031 1999 Sidonem
1054 1943 1086 1998 et
1108 1933 1259 2020 deinceps
1283 1957 1341 2020 per
1362 1933 1595 2020 longitudinem
1616 1935 1735 2002 Libani
1756 1938 1872 2001 crescit
1895 1937 2006 2000 uinum
2027 1936 2164 2017 bonum,
2186 1947 2218 2000 et
2238 1937 2272 1999 iu

603 2053 769 2120 Anterado
791 2063 822 2117 et
842 2049 994 2135 Margath
1017 2059 1048 2112 et
1071 2071 1129 2134 per
1148 2059 1249 2114 totum
1270 2049 1350 2114 illud
1370 2049 1460 2114 littus
1487 2053 1586 2114 maris
1615 2075 1715 2138 usque
1738 2055 1772 2116 in
1794 2051 1951 2119 Ciliciam
1972 2064 2004 2118 et
2025 2051 2270 2138 Cappadociam

603 2183 634 2237 et
656 2170 808 2236 (iscelam
834 2176 866 2231 et
888 2165 1074 2251 Ungeriam.
1116 2164 1178 2228 Est
1206 2187 1282 2230 uero
1311 2165 1475 2246 mirabile,
1509 2166 1595 2252 quod
1621 2167 1692 2232 uidi
1721 2169 1755 2232 in
1776 2168 1952 2234 Antarado.
1993 2167 2078 2247 Ibit)
2106 2169 2210 2249 enim,
2237 2179 2271 2232 ut

603 2287 755 2353 dixerunt
784 2282 862 2348 mihi
891 2281 1042 2366 indigene
1048 2330 1068 2362 ,.
1091 2279 1130 2344 de
1152 2303 1216 2344 nna
1238 2291 1269 2344 et
1291 2281 1404 2346 eadem
1425 2283 1491 2346 uite
1516 2294 1566 2346 ter
1587 2283 1622 2346 tit
1643 2282 1806 2348 uindemia
1833 2286 1867 2348 in
1888 2306 1953 2348 uno
1975 2307 2075 2364 euno,
2105 2307 2165 2370 per
2186 2283 2271 2348 huno

601 2402 739 2467 medum.
784 2399 945 2486 Tempore
972 2419 1071 2462 uerno
1100 2394 1274 2460 obseruant
1300 2398 1474 2478 uinitores,
1505 2397 1634 2483 quando
1661 2400 1736 2462 uitis
1764 2401 1868 2485 primo
1899 2398 2014 2464 educat
2034 2409 2083 2464 tot
2105 2398 2217 2464 botros
2236 2402 2269 2461 in

602 2518 828 2605 dispositione,
859 2525 936 2599 quot
966 2511 1140 2578 secundum
1169 2533 1369 2576 communem
1395 2535 1524 2577 cursum
1553 2517 1719 2579 consueuit
1749 2514 1929 2602 producere
1960 2513 2103 2600 quelibet
2122 2515 2198 2580 uitis
2217 2512 2268 2576 uel

569 1405 584 1453 6

600 2636 702 2700 eciam
733 2631 873 2720 palmes,
903 2640 935 2694 et
955 2629 1064 2694 statim
1093 2625 1245 2714 quicquid
1268 2626 1308 2692 de
1331 2627 1464 2714 palmite
1484 2641 1629 2694 remanet
1650 2653 1749 2716 supra
1777 2629 1889 2696 botros
1912 2632 2017 2718 ipsos,
2043 2640 2145 2696 totum
2167 2632 2268 2718 preci·

602 2751 712 2828 dunt⁹)
735 2761 767 2813 et
789 2747 958 2834 proiciunt
1000 2743 1084 2808 Illud
1106 2743 1141 2808 lit
1162 2745 1196 2807 in
1218 2741 1344 2808 Martio.
1389 2743 1425 2807 111
1446 2744 1554 2831 Aprili
1581 2745 1622 2809 de
1652 2745 1705 2811 illo
1733 2744 1865 2832 palmite
1888 2745 2025 2834 pullulat
2046 2745 2129 2811 alius
2151 2747 2264 2810 iterum

600 2889 672 2930 curn
695 2865 788 2930 nouis
817 2863 929 2928 botris.
973 2859 1046 2941 Quo
1073 2861 1143 2924 uiso
1171 2861 1286 2924 iterum
1310 2859 1490 2946 preciditur
1517 2860 1557 2924 de
1585 2861 1718 2946 palmite
1745 2860 1800 2927 illo
1829 2859 1982 2950 quiequid
2002 2873 2051 2927 est
2072 2883 2174 2948 supra
2194 2859 2265 2926 illos

600 2981 719 3046 botros.
773 2979 817 3044 Et
849 2979 882 3043 in
911 2977 998 3042 Maio
1034 2976 1129 3040 tertio
1160 2975 1309 3062 producit
1344 2987 1478 3040 truncus
1505 2975 1672 3053 tercium‘)
1713 2975 1879 3062 palmitem
1905 2999 1977 3042 eum
2005 2981 2078 3042 uuis
2106 2988 2139 3042 et
2166 2976 2266 3041 botris

600 3099 676 3162 suis.
718 3097 761 3162 Et
788 3097 834 3159 sic
856 3092 1014 3158 habentur
1036 3101 1101 3155 tres
1124 3090 1253 3156 ordines
1276 3091 1463 3173 botrorum,
1490 3093 1545 3178 qui
1572 3115 1682 3157 omnes
1705 3091 1852 3157 similiter
1872 3103 2033 3176 creseunt,
2066 3093 2124 3160 sed
2144 3096 2185 3176 ii,
2212 3095 2265 3182 qui

600 3211 839 3300 pullulaueruut
860 3211 893 3274 in
913 3207 1048 3289 Martio,
1076 3207 1315 3272 uindemiantm·
1337 3209 1371 3271 in
1391 3208 1558 3294 Augusto,
1585 3211 1640 3294 qui
1660 3210 1695 3272 in
1715 3207 1837 3294 Aprili,
1870 3207 2112 3274 uindemiuntur
2134 3211 2168 3274 in
2188 3209 2266 3296 Sep-

598 3327 724 3411 tembri,
747 3337 778 3392 et
799 3327 853 3414 qui
874 3327 907 3389 in
922 3325 1020 3405 Maio,
1043 3321 1281 3388 uindemiantur
1300 3325 1335 3387 in
1351 3322 1496 3389 Octobri.
1532 3323 1576 3388 Et
1597 3326 1643 3388 sie
1664 3323 1823 3388 habentur
1835 3336 1902 3388 tres
1916 3302 2079 3390 uindemie
2093 3347 2157 3390 uno
2174 3347 2265 3390 anno.

565 3479 580 3528 7
721 3443 820 3507 Ficus
842 3451 950 3506 autem
972 3447 1003 3504 et
1024 3437 1263 3525 malogranata,
1285 3438 1348 3504 mel
1371 3451 1403 3504 et
1424 3440 1529 3505 oleum
1551 3450 1582 3506 et
1604 3441 1734 3504 dinem
1754 3462 1875 3526 genera
1896 3437 2108 3526 leguminum,
2139 3452 2174 3506 ut
2194 3453 2267 3506 suut

600 3580 742 3646 pepones
766 3567 797 3622 et
820 3557 992 3638 cucumeri,
1015 3555 1158 3619 etmulti
1179 3554 1234 3622 alii
1257 3557 1381 3622 fructus
1403 3556 1449 3620 ibi
1470 3555 1667 3621 habundant

566 3677 582 3730 ⁸
724 3674 820 3739 Porci
843 3672 1016 3753 siluestres,
1040 3671 1196 3760 capreoli,
1219 3671 1363 3759 lepores,
1385 3671 1533 3760 perdices
1557 3686 1589 3736 et
1610 3673 1789 3738 coturnices
1811 3683 1934 3738 tantum
1955 3669 2159 3753 habundant,
2182 3671 2267 3760 quod

599 3801 714 3878 stupor
736 3799 785 3854 est
806 3787 927 3854 uidere.
970 3787 1115 3852 Leonum
1137 3787 1306 3852 multitudo
1333 3799 1382 3852 est
1407 3787 1454 3852 ibi
1477 3797 1509 3852 et
1530 3809 1679 3853 ursorum
1701 3798 1732 3853 et
1752 3787 1855 3852 bestie
1877 3786 2081 3851 diuersorum
2102 3809 2264 3872 generum.

597 3905 680 3972 Item
702 3903 816 3970 cameli
836 3905 952 3970 infiniti
975 3912 1049 3968 sunt
1068 3901 1131 3983 ihi,
1160 3902 1407 3986 dromedariis),
1435 3905 1540 3985 cerui,
1568 3905 1635 3984 uri3
1667 3914 1698 3968 et
1719 3903 1860 3969 breuiter
1879 3901 1927 3967 ibi
1948 3901 2139 3968 habundant
2159 3903 2266 3968 omnia

598 4022 684 4090 bona
705 4021 826 4102 muudi,
849 4031 881 4084 et
902 4031 989 4084 terra
1010 4017 1065 4083 illa
1087 4017 1157 4084 fluit
1176 4017 1259 4083 lacte
1281 4031 1312 4082 et
1334 4019 1446 4102 melle;
1469 4021 1526 4085 sed
1548 4020 1686 4086 cultores
1708 4043 1774 4085 non
1795 4020 1867 4085 dico
1888 4018 2090 4101 fortissimos,
2113 4018 2173 4084 sed
2195 4042 2265 4105 pes·

599 4140 698 4205 simos
719 4148 750 4204 et
770 4137 974 4224 turpissimos
997 4133 1094 4200 hebet
1116 4144 1314 4220 peccatores,
1333 4136 1380 4200 ita
1401 4147 1437 4199 ut
1456 4139 1574 4202 mirum
1595 4137 1646 4217 sit,
1669 4136 1756 4223 quod
1777 4145 1885 4224 portat
1907 4155 1962 4199 eos
1983 4148 2080 4200 terra.

955 4317 1018 4383 DE
1040 4315 1189 4381 VARIIS
1210 4315 1529 4383 RELIGIONIBUS
1552 4317 1699 4384 TERRE
1722 4317 1907 4385 SANOTE.

563 4466 574 4516 1
722 4451 810 4516 XIII.
855 4449 936 4516 Sunt
958 4453 993 4515 in
1014 4471 1052 4514 ea
1073 4447 1272 4514 habitatores
1295 4452 1445 4514 exomni
1465 4451 1609 4531 natione,
1632 4475 1693 4540 que
1715 4450 1775 4516 sub
1797 4448 1865 4515 celo
1889 4459 1953 4531 est,
1976 4459 2007 4514 et
2028 4450 2110 4514 uiuit
2132 4451 2265 4539 quibbet

598 4566 772 4634 secundum
793 4567 890 4630 ritum
914 4589 1022 4648 suum,
1045 4575 1091 4646 et,
1115 4574 1150 4628 ut
1170 4569 1340 4629 ueritatem
1362 4565 1483 4648 dicam,
1515 4566 1643 4652 peiores
1666 4578 1738 4631 sunt
1756 4569 1875 4647 notri,
1897 4565 2016 4648 Latini,
2039 4567 2188 4633 omnibus
2210 4568 2265 4633 ha·

597 4682 792 4749 bitetoribus
820 4680 903 4746 aliis.
946 4681 991 4746 Et
1017 4681 1076 4745 heo
1108 4691 1157 4746 est
1178 4681 1280 4762 ratio,
1309 4691 1345 4745 ut
1365 4680 1444 4745 mihi
1465 4679 1609 4744 uidetur:
1646 4681 1728 4748 Cum
1748 4682 1865 4767 aliquis
1886 4683 1981 4746 fuerit
2001 4681 2205 4767 malefactor,
2231 4693 2265 4748 ut

595 4797 774 4880 homicida,
796 4796 896 4880 latro,
919 4795 970 4861 fur
981 4845 990 4879 ,
1012 4795 1148 4880 adulter,
1167 4795 1374 4880 transfretat,
1400 4807 1436 4860 ut
1455 4797 1490 4860 in
1509 4796 1810 4882 penitentiaque,
1831 4797 1884 4862 uel
1906 4798 1982 4886 quia
2002 4799 2094 4862 timet
2112 4799 2189 4886 pelli
2210 4823 2266 4865 sue

594 4926 626 4980 et
648 4915 721 4980 ideo
743 4915 776 4978 in
798 4923 886 4977 terra
905 4935 964 4977 sua
986 4914 1076 4977 timet
1098 4925 1204 4993 stare;
1227 4915 1326 4978 etsie
1348 4911 1388 4977 de
1408 4912 1546 4976 diuersis
1569 4910 1728 4999 partibus,
1750 4923 1784 4975 ut
1806 4910 1998 4996 Theutonia,
2021 4913 2141 4996 Ytalia,
2162 4915 2265 4982 Fran-

596 5031 663 5114 cia,
690 5028 826 5116 Anglie,
849 5028 1014 5116 Yspania,
1043 5027 1191 5114 Ungaria
1213 5037 1244 5093 et
1266 5029 1306 5093 de
1328 5029 1444 5094 ceteris
1465 5027 1577 5093 mundi
1596 5025 1743 5115 partibus
1763 5026 1840 5093 illue
1862 5033 2008 5112 ueniunt,
2039 5030 2096 5095 sed
2118 5054 2195 5096 uere
2216 5055 2265 5096 ee-

595 5145 677 5228 lnm,
706 5167 771 5211 nou
793 5147 935 5210 animum
957 5153 1090 5209 mutent.
1132 5143 1203 5208 lllic
1225 5145 1309 5208 enim
1334 5147 1524 5224 existentes,
1548 5155 1733 5230 postquam,
1754 5167 1815 5230 que
1836 5143 1985 5228 tolerunt,
2007 5146 2265 5232 expenderuntb,

597 5283 683 5326 noua
712 5261 902 5348 conquirere
924 5269 1066 5348 oportet,
1095 5270 1127 5323 et
1149 5260 1195 5323 sic
1217 5261 1334 5324 iterum
1353 5258 1418 5341 „ad
1439 5260 1594 5324 uomitum
1609 5261 1665 5333 11)
1695 5259 1862 5344 redeunt“,
1896 5265 2131 5328 committentes
2151 5264 2265 5350 peiora

665 5443 692 5512 a)
710 5439 792 5494 huius
809 5437 850 5496 st.
867 5439 948 5494 cuiue
964 5437 990 5492 h.
1013 5469 1045 5479 -
1070 5438 1099 5508 b)
1116 5439 1233 5493 mundo
1252 5437 1291 5494 st.
1317 5439 1376 5493 lato
1395 5436 1420 5492 h.
1443 5469 1477 5478 -
1495 5443 1521 5507 c)
1539 5446 1616 5493 nocte
1633 5438 1672 5494 St.
1685 5437 1712 5494 h.
1730 5469 1764 5479 —
1786 5441 1815 5508 d)
1836 5441 1891 5496 Ubi
1906 5441 1946 5497 st.
1971 5443 2011 5496 ibi
2027 5443 2053 5497 h.
2075 5471 2109 5481 -
2132 5444 2266 5514 16111·οοί-

727 5523 851 5578 damst
870 5553 902 5562 -
921 5521 948 5592 f)
962 5541 1017 5593 pro
1035 5525 1136 5578 discum
1154 5523 1277 5576 Truclms
1296 5524 1409 5578 terrim
1425 5520 1468 5578 st.
1482 5523 1616 5591 producit
1631 5522 1695 5574 vitis
1713 5523 1825 5576 tercium
1843 5524 1868 5578 h.
1892 5555 1921 5564 -
1939 5527 1969 5596 g)
1987 5525 2153 5580 dormedarii
2170 5526 2211 5581 St.
2232 5557 2263 5566 -

727 5605 756 5672 11)
775 5613 806 5659 ut
821 5607 847 5660 ie
859 5597 931 5677 phio
950 5605 990 5662 St.
1027 5607 1105 5672 Quae
1122 5605 1207 5660 verba
1223 5606 1253 5659 in
1270 5605 1288 5658 h
1305 5604 1424 5673 fuerunt,
1442 5604 1490 5659 sed
1508 5621 1587 5659 erasa
1605 5612 1677 5660 eunt.
1696 5635 1730 5645 -
1748 5606 1768 5673 i)
1788 5609 1941 5677 eepmdum
1959 5606 1999 5662 St.

658 5781 729 5845 646)
752 5776 783 5834 in
804 5777 1010 5865 mnitcnciam]
1033 5777 1120 5848 Nota,
1142 5797 1229 5856 quam
1251 5775 1293 5838 St.
1312 5775 1409 5849 habet,
1516 5779 1586 5847 647)
1617 5778 1657 5832 ud
1683 5777 1827 5852 cornuum]
1860 5777 2039 5854 Designatur
2062 5783 2182 5855 stultus,
2215 5785 2265 5862 qui

594 5875 782 5955 diplomatica
812 5875 883 5954 pnia
918 5875 1061 5952 signifieat
1084 5879 1259 5952 penitencia.
1308 5875 1356 5933 Ex
1386 5875 1410 5932 ie
1453 5877 1528 5934 sicut
1559 5876 1639 5933 canis
1673 5873 1774 5934 redeat
1808 5873 1846 5932 ad
1881 5876 2038 5948 vomitum,
2075 5899 2092 5940 e
2127 5879 2266 5942 Proverb.

593 5974 739 6034 effecimus
762 5975 800 6035 iu.
1453 5972 1571 6032 XXVI.
1597 5977 1643 6034 11.
