<?xml version="1.0" encoding="UTF-8"?>
<!DOCTYPE html PUBLIC "-//W3C//DTD XHTML 1.0 Transitional//EN"
    "http://www.w3.org/TR/xhtml1/DTD/xhtml1-transitional.dtd">
<html xmlns="http://www.w3.org/1999/xhtml" xml:lang="en" lang="en">
 <head>
  <title>
</title>
<meta http-equiv="Content-Type" content="text/html;charset=utf-8" />
  <meta name='ocr-system' content='tesseract 3.04.00' />
  <meta name='ocr-capabilities' content='ocr_page ocr_carea ocr_par ocr_line ocrx_word'/>
</head>
<body>
  <div class='ocr_page' id='page_1' title='image "./peregrinatoresm00odorgoog_0038.png"; bbox 0 0 5284 7042; ppageno 0'>
   <div class='ocr_carea' id='block_1_1' title="bbox 1384 625 1425 692">
    <p class='ocr_par' dir='ltr' id='par_1_1' title="bbox 1384 625 1425 692">
     <span class='ocr_line' id='line_1_1' title="bbox 1384 625 1425 692; baseline 0 0"><span class='ocrx_word' id='word_1_1' title='bbox 1384 625 1425 692; x_wconf 78' lang='lat'><strong>28</strong></span> 
     </span>
    </p>
   </div>
   <div class='ocr_carea' id='block_1_2' title="bbox 525 804 2250 4019">
    <p class='ocr_par' dir='ltr' id='par_1_2' title="bbox 577 804 2245 1012">
     <span class='ocr_line' id='line_1_2' title="bbox 577 804 2245 898; baseline 0 -24"><span class='ocrx_word' id='word_1_2' title='bbox 577 811 628 898; x_wconf 90' lang='lat' dir='ltr'><strong>pis</strong></span> <span class='ocrx_word' id='word_1_3' title='bbox 657 808 850 876; x_wconf 77' lang='lat' dir='ltr'><strong>antiocheni.</strong></span> <span class='ocrx_word' id='word_1_4' title='bbox 893 809 931 874; x_wconf 93' lang='lat' dir='ltr'><strong>In</strong></span> <span class='ocrx_word' id='word_1_5' title='bbox 959 830 1021 897; x_wconf 91' lang='lat' dir='ltr'><strong>quo</strong></span> <span class='ocrx_word' id='word_1_6' title='bbox 1047 809 1116 874; x_wconf 90' lang='lat' dir='ltr'><strong>uidi</strong></span> <span class='ocrx_word' id='word_1_7' title='bbox 1149 806 1317 872; x_wconf 81' lang='lat' dir='ltr'><strong>duodecim</strong></span> <span class='ocrx_word' id='word_1_8' title='bbox 1349 814 1455 870; x_wconf 90' lang='lat' dir='ltr'><strong>turres</strong></span> <span class='ocrx_word' id='word_1_9' title='bbox 1481 805 1585 871; x_wconf 85' lang='lat' dir='ltr'><strong>bonas</strong></span> <span class='ocrx_word' id='word_1_10' title='bbox 1613 814 1646 869; x_wconf 89' lang='lat' dir='ltr'><strong>et</strong></span> <span class='ocrx_word' id='word_1_11' title='bbox 1664 804 1780 870; x_wconf 76' lang='lat' dir='ltr'><strong>locum</strong></span> <span class='ocrx_word' id='word_1_12' title='bbox 1800 807 1958 872; x_wconf 87' lang='lat' dir='ltr'><strong>munitum</strong></span> <span class='ocrx_word' id='word_1_13' title='bbox 1980 807 2084 872; x_wconf 83' lang='lat' dir='ltr'><strong>ualde.</strong></span> <span class='ocrx_word' id='word_1_14' title='bbox 2126 807 2245 874; x_wconf 89' lang='lat' dir='ltr'><strong>Uinum</strong></span> 
     </span>
     <span class='ocr_line' id='line_1_3' title="bbox 577 921 1839 1012; baseline -0.005 -22"><span class='ocrx_word' id='word_1_15' title='bbox 577 925 671 992; x_wconf 86' lang='lat' dir='ltr'><strong>huius</strong></span> <span class='ocrx_word' id='word_1_16' title='bbox 694 925 768 991; x_wconf 85' lang='lat' dir='ltr'><strong>uilla</strong></span> <span class='ocrx_word' id='word_1_17' title='bbox 789 927 894 1012; x_wconf 83' lang='lat' dir='ltr'><strong>magis</strong></span> <span class='ocrx_word' id='word_1_18' title='bbox 916 925 1115 989; x_wconf 90' lang='lat' dir='ltr'><strong>nominatum</strong></span> <span class='ocrx_word' id='word_1_19' title='bbox 1137 935 1186 989; x_wconf 88' lang='lat' dir='ltr'><strong>est</strong></span> <span class='ocrx_word' id='word_1_20' title='bbox 1205 923 1289 988; x_wconf 86' lang='lat' dir='ltr'><strong>inter</strong></span> <span class='ocrx_word' id='word_1_21' title='bbox 1309 923 1418 986; x_wconf 89' lang='lat' dir='ltr'><strong>omnia</strong></span> <span class='ocrx_word' id='word_1_22' title='bbox 1437 923 1514 986; x_wconf 86' lang='lat' dir='ltr'><strong>uina</strong></span> <span class='ocrx_word' id='word_1_23' title='bbox 1534 923 1679 1008; x_wconf 87' lang='lat' dir='ltr'><strong>parcium</strong></span> <span class='ocrx_word' id='word_1_24' title='bbox 1701 921 1839 986; x_wconf 86' lang='lat' dir='ltr'><strong>illarum.</strong></span> 
     </span>
    </p>

    <p class='ocr_par' dir='ltr' id='par_1_3' title="bbox 528 1035 2250 1591">
     <span class='ocr_line' id='line_1_4' title="bbox 528 1035 2247 1127; baseline -0.001 -21"><span class='ocrx_word' id='word_1_25' title='bbox 528 1047 559 1098; x_wconf 86' lang='grc'><strong>18</strong></span> <span class='ocrx_word' id='word_1_26' title='bbox 701 1041 753 1106; x_wconf 90' lang='lat' dir='ltr'><strong>De</strong></span> <span class='ocrx_word' id='word_1_27' title='bbox 775 1041 904 1127; x_wconf 87' lang='lat' dir='ltr'><strong>Nephin</strong></span> <span class='ocrx_word' id='word_1_28' title='bbox 934 1039 977 1104; x_wconf 86' lang='lat' dir='ltr'><strong>ad</strong></span> <span class='ocrx_word' id='word_1_29' title='bbox 999 1039 1080 1104; x_wconf 86' lang='lat' dir='ltr'><strong>duas</strong></span> <span class='ocrx_word' id='word_1_30' title='bbox 1104 1039 1214 1105; x_wconf 85' lang='lat' dir='ltr'><strong>leucas</strong></span> <span class='ocrx_word' id='word_1_31' title='bbox 1243 1047 1292 1102; x_wconf 87' lang='lat' dir='ltr'><strong>cst</strong></span> <span class='ocrx_word' id='word_1_32' title='bbox 1311 1038 1427 1102; x_wconf 81' lang='lat' dir='ltr'><strong>cirdtas</strong></span> <span class='ocrx_word' id='word_1_33' title='bbox 1450 1038 1651 1119; x_wconf 54' lang='lat' dir='ltr'><strong>Tripolim),</strong></span> <span class='ocrx_word' id='word_1_34' title='bbox 1677 1035 1797 1102; x_wconf 86' lang='lat' dir='ltr'><strong>nobilis</strong></span> <span class='ocrx_word' id='word_1_35' title='bbox 1817 1035 1912 1102; x_wconf 88' lang='lat' dir='ltr'><strong>ualde</strong></span> <span class='ocrx_word' id='word_1_36' title='bbox 1923 1039 1964 1116; x_wconf 64' lang='grc'><strong>82)</strong></span> <span class='ocrx_word' id='word_1_37' title='bbox 1985 1049 2018 1102; x_wconf 90' lang='lat' dir='ltr'><strong>ct</strong></span> <span class='ocrx_word' id='word_1_38' title='bbox 2036 1037 2105 1102; x_wconf 80' lang='lat' dir='ltr'><strong>sere</strong></span> <span class='ocrx_word' id='word_1_39' title='bbox 2125 1051 2193 1103; x_wconf 84' lang='lat' dir='ltr'><strong>tota</strong></span> <span class='ocrx_word' id='word_1_40' title='bbox 2213 1040 2247 1105; x_wconf 86' lang='lat' dir='ltr'><strong>iu</strong></span> 
     </span>
     <span class='ocr_line' id='line_1_5' title="bbox 578 1150 2248 1241; baseline -0.002 -19"><span class='ocrx_word' id='word_1_41' title='bbox 578 1157 675 1222; x_wconf 88' lang='lat' dir='ltr'><strong>corde</strong></span> <span class='ocrx_word' id='word_1_42' title='bbox 703 1159 803 1222; x_wconf 90' lang='lat' dir='ltr'><strong>maris</strong></span> <span class='ocrx_word' id='word_1_43' title='bbox 832 1159 913 1238; x_wconf 84' lang='lat' dir='ltr'><strong>sita,</strong></span> <span class='ocrx_word' id='word_1_44' title='bbox 944 1155 1026 1219; x_wconf 89' lang='lat' dir='ltr'><strong>sicut</strong></span> <span class='ocrx_word' id='word_1_45' title='bbox 1048 1154 1166 1241; x_wconf 84' lang='lat' dir='ltr'><strong>Tyrus.</strong></span> <span class='ocrx_word' id='word_1_46' title='bbox 1208 1153 1270 1218; x_wconf 85' lang='lat' dir='ltr'><strong>Est</strong></span> <span class='ocrx_word' id='word_1_47' title='bbox 1295 1151 1455 1240; x_wconf 87' lang='lat' dir='ltr'><strong>populosa</strong></span> <span class='ocrx_word' id='word_1_48' title='bbox 1482 1150 1630 1217; x_wconf 89' lang='lat' dir='ltr'><strong>multum.</strong></span> <span class='ocrx_word' id='word_1_49' title='bbox 1671 1152 1832 1219; x_wconf 80' lang='lat' dir='ltr'><strong>Habitant</strong></span> <span class='ocrx_word' id='word_1_50' title='bbox 1860 1154 1944 1218; x_wconf 87' lang='lat' dir='ltr'><strong>enim</strong></span> <span class='ocrx_word' id='word_1_51' title='bbox 1972 1155 2006 1218; x_wconf 89' lang='lat' dir='ltr'><strong>in</strong></span> <span class='ocrx_word' id='word_1_52' title='bbox 2032 1175 2071 1218; x_wconf 87' lang='lat' dir='ltr'><strong>ea</strong></span> <span class='ocrx_word' id='word_1_53' title='bbox 2093 1153 2193 1219; x_wconf 81' lang='lat' dir='ltr'><strong>Greci</strong></span> <span class='ocrx_word' id='word_1_54' title='bbox 2214 1167 2248 1218; x_wconf 86' lang='lat' dir='ltr'><strong>et</strong></span> 
     </span>
     <span class='ocr_line' id='line_1_6' title="bbox 577 1267 2250 1354; baseline -0.001 -16"><span class='ocrx_word' id='word_1_55' title='bbox 577 1273 697 1354; x_wconf 90' lang='lat' dir='ltr'><strong>Latini,</strong></span> <span class='ocrx_word' id='word_1_56' title='bbox 719 1273 865 1354; x_wconf 68' lang='lat' dir='ltr'><strong>mmeni,</strong></span> <span class='ocrx_word' id='word_1_57' title='bbox 885 1270 1089 1352; x_wconf 58' lang='lat' dir='ltr'><strong>Maronites,</strong></span> <span class='ocrx_word' id='word_1_58' title='bbox 1113 1270 1299 1335; x_wconf 88' lang='lat' dir='ltr'><strong>Nestorisni</strong></span> <span class='ocrx_word' id='word_1_59' title='bbox 1318 1277 1351 1334; x_wconf 85' lang='lat' dir='ltr'><strong>at</strong></span> <span class='ocrx_word' id='word_1_60' title='bbox 1370 1267 1468 1333; x_wconf 85' lang='lat' dir='ltr'><strong>multo</strong></span> <span class='ocrx_word' id='word_1_61' title='bbox 1489 1280 1602 1354; x_wconf 83' lang='lat' dir='ltr'><strong>gentes</strong></span> <span class='ocrx_word' id='word_1_62' title='bbox 1623 1267 1695 1332; x_wconf 88' lang='lat' dir='ltr'><strong>alie.</strong></span> <span class='ocrx_word' id='word_1_63' title='bbox 1737 1267 1790 1332; x_wconf 90' lang='lat' dir='ltr'><strong>De</strong></span> <span class='ocrx_word' id='word_1_64' title='bbox 1812 1270 1914 1334; x_wconf 73' lang='lat' dir='ltr'><strong>ser-ico</strong></span> <span class='ocrx_word' id='word_1_65' title='bbox 1934 1271 1969 1334; x_wconf 91' lang='lat' dir='ltr'><strong>in</strong></span> <span class='ocrx_word' id='word_1_66' title='bbox 1990 1291 2030 1334; x_wconf 87' lang='lat' dir='ltr'><strong>aa</strong></span> <span class='ocrx_word' id='word_1_67' title='bbox 2046 1268 2148 1334; x_wconf 85' lang='lat' dir='ltr'><strong>multa</strong></span> <span class='ocrx_word' id='word_1_68' title='bbox 2169 1270 2250 1336; x_wconf 82' lang='lat' dir='ltr'><strong>liunt</strong></span> 
     </span>
     <span class='ocr_line' id='line_1_7' title="bbox 577 1383 2245 1476; baseline -0.002 -22"><span class='ocrx_word' id='word_1_69' title='bbox 577 1411 686 1476; x_wconf 86' lang='lat' dir='ltr'><strong>opera.</strong></span> <span class='ocrx_word' id='word_1_70' title='bbox 729 1387 849 1454; x_wconf 87' lang='lat' dir='ltr'><strong>Audiui</strong></span> <span class='ocrx_word' id='word_1_71' title='bbox 885 1409 944 1474; x_wconf 93' lang='lat' dir='ltr'><strong>pro</strong></span> <span class='ocrx_word' id='word_1_72' title='bbox 975 1397 1082 1468; x_wconf 89' lang='lat' dir='ltr'><strong>certo,</strong></span> <span class='ocrx_word' id='word_1_73' title='bbox 1117 1385 1203 1473; x_wconf 93' lang='lat' dir='ltr'><strong>quod</strong></span> <span class='ocrx_word' id='word_1_74' title='bbox 1236 1396 1343 1450; x_wconf 88' lang='lat' dir='ltr'><strong>essent</strong></span> <span class='ocrx_word' id='word_1_75' title='bbox 1374 1386 1408 1449; x_wconf 91' lang='lat' dir='ltr'><strong>in</strong></span> <span class='ocrx_word' id='word_1_76' title='bbox 1440 1405 1480 1448; x_wconf 87' lang='lat' dir='ltr'><strong>ea</strong></span> <span class='ocrx_word' id='word_1_77' title='bbox 1505 1394 1650 1449; x_wconf 75' lang='lat' dir='ltr'><strong>textores</strong></span> <span class='ocrx_word' id='word_1_78' title='bbox 1676 1385 1772 1448; x_wconf 88' lang='lat' dir='ltr'><strong>serici</strong></span> <span class='ocrx_word' id='word_1_79' title='bbox 1801 1395 1834 1448; x_wconf 86' lang='lat' dir='ltr'><strong>st</strong></span> <span class='ocrx_word' id='word_1_80' title='bbox 1862 1383 2012 1450; x_wconf 88' lang='lat' dir='ltr'><strong>cameloti</strong></span> <span class='ocrx_word' id='word_1_81' title='bbox 2040 1394 2073 1450; x_wconf 90' lang='lat' dir='ltr'><strong>et</strong></span> <span class='ocrx_word' id='word_1_82' title='bbox 2094 1385 2245 1450; x_wconf 79' lang='lat' dir='ltr'><strong>similium</strong></span> 
     </span>
     <span class='ocr_line' id='line_1_8' title="bbox 577 1504 725 1591; baseline 0.007 -22"><span class='ocrx_word' id='word_1_83' title='bbox 577 1504 725 1591; x_wconf 86' lang='lat' dir='ltr'><strong>amplius.</strong></span> 
     </span>
    </p>

    <p class='ocr_par' dir='ltr' id='par_1_4' title="bbox 576 1612 2248 1918">
     <span class='ocr_line' id='line_1_9' title="bbox 702 1612 2248 1703; baseline -0.001 -18"><span class='ocrx_word' id='word_1_84' title='bbox 702 1621 806 1685; x_wconf 84' lang='lat' dir='ltr'><strong>Terra</strong></span> <span class='ocrx_word' id='word_1_85' title='bbox 827 1617 873 1684; x_wconf 92' lang='lat' dir='ltr'><strong>illi</strong></span> <span class='ocrx_word' id='word_1_86' title='bbox 896 1617 1049 1682; x_wconf 85' lang='lat' dir='ltr'><strong>adiacens</strong></span> <span class='ocrx_word' id='word_1_87' title='bbox 1071 1615 1136 1681; x_wconf 89' lang='lat' dir='ltr'><strong>dici</strong></span> <span class='ocrx_word' id='word_1_88' title='bbox 1159 1625 1267 1703; x_wconf 88' lang='lat' dir='ltr'><strong>potest</strong></span> <span class='ocrx_word' id='word_1_89' title='bbox 1288 1615 1412 1703; x_wconf 83' lang='lat' dir='ltr'><strong>absque</strong></span> <span class='ocrx_word' id='word_1_90' title='bbox 1432 1612 1531 1680; x_wconf 89' lang='lat' dir='ltr'><strong>dubio</strong></span> <span class='ocrx_word' id='word_1_91' title='bbox 1550 1613 1723 1701; x_wconf 83' lang='lat' dir='ltr'><strong>paradisus</strong></span> <span class='ocrx_word' id='word_1_92' title='bbox 1744 1624 1879 1702; x_wconf 86' lang='lat' dir='ltr'><strong>propter</strong></span> <span class='ocrx_word' id='word_1_93' title='bbox 1901 1617 2092 1681; x_wconf 85' lang='lat' dir='ltr'><strong>amenitates</strong></span> <span class='ocrx_word' id='word_1_94' title='bbox 2107 1617 2248 1684; x_wconf 81' lang='lat' dir='ltr'><strong>infinitas</strong></span> 
     </span>
     <span class='ocr_line' id='line_1_10' title="bbox 577 1729 2248 1818; baseline -0.002 -16"><span class='ocrx_word' id='word_1_95' title='bbox 577 1741 610 1802; x_wconf 91' lang='lat' dir='ltr'><strong>in</strong></span> <span class='ocrx_word' id='word_1_96' title='bbox 634 1739 747 1818; x_wconf 85' lang='lat' dir='ltr'><strong>uineis,</strong></span> <span class='ocrx_word' id='word_1_97' title='bbox 771 1733 908 1816; x_wconf 88' lang='lat' dir='ltr'><strong>oliuotis,</strong></span> <span class='ocrx_word' id='word_1_98' title='bbox 927 1733 1073 1814; x_wconf 70' lang='lat' dir='ltr'><strong>fioeusb),</strong></span> <span class='ocrx_word' id='word_1_99' title='bbox 1099 1731 1300 1813; x_wconf 71' lang='lat' dir='ltr'><strong>[canellis].),</strong></span> <span class='ocrx_word' id='word_1_100' title='bbox 1322 1729 1441 1816; x_wconf 88' lang='lat' dir='ltr'><strong>quibus</strong></span> <span class='ocrx_word' id='word_1_101' title='bbox 1461 1729 1610 1796; x_wconf 84' lang='lat' dir='ltr'><strong>omnibus</strong></span> <span class='ocrx_word' id='word_1_102' title='bbox 1629 1731 1663 1795; x_wconf 88' lang='lat' dir='ltr'><strong>iu</strong></span> <span class='ocrx_word' id='word_1_103' title='bbox 1684 1729 1757 1796; x_wconf 88' lang='lat' dir='ltr'><strong>aliis</strong></span> <span class='ocrx_word' id='word_1_104' title='bbox 1780 1729 1928 1818; x_wconf 86' lang='lat' dir='ltr'><strong>partibus</strong></span> <span class='ocrx_word' id='word_1_105' title='bbox 1949 1754 2014 1799; x_wconf 92' lang='lat' dir='ltr'><strong>non</strong></span> <span class='ocrx_word' id='word_1_106' title='bbox 2034 1732 2141 1799; x_wconf 88' lang='lat' dir='ltr'><strong>recolo</strong></span> <span class='ocrx_word' id='word_1_107' title='bbox 2162 1735 2248 1798; x_wconf 89' lang='lat' dir='ltr'><strong>simi·</strong></span> 
     </span>
     <span class='ocr_line' id='line_1_11' title="bbox 576 1851 843 1918; baseline -0.019 0"><span class='ocrx_word' id='word_1_108' title='bbox 576 1852 622 1918; x_wconf 89' lang='lat' dir='ltr'><strong>lia</strong></span> <span class='ocrx_word' id='word_1_109' title='bbox 643 1875 694 1918; x_wconf 89' lang='lat' dir='ltr'><strong>me</strong></span> <span class='ocrx_word' id='word_1_110' title='bbox 714 1851 843 1916; x_wconf 89' lang='lat' dir='ltr'><strong>uidisse.</strong></span> 
     </span>
    </p>

    <p class='ocr_par' dir='ltr' id='par_1_5' title="bbox 576 1960 2248 2288">
     <span class='ocr_line' id='line_1_12' title="bbox 702 1960 2246 2052; baseline -0.004 -20"><span class='ocrx_word' id='word_1_111' title='bbox 702 1967 845 2052; x_wconf 79' lang='lat' dir='ltr'><strong>Campus</strong></span> <span class='ocrx_word' id='word_1_112' title='bbox 867 1975 941 2030; x_wconf 88' lang='lat' dir='ltr'><strong>ante</strong></span> <span class='ocrx_word' id='word_1_113' title='bbox 962 1967 1123 2029; x_wconf 88' lang='lat' dir='ltr'><strong>ciuitatem</strong></span> <span class='ocrx_word' id='word_1_114' title='bbox 1145 1963 1285 2028; x_wconf 89' lang='lat' dir='ltr'><strong>continet</strong></span> <span class='ocrx_word' id='word_1_115' title='bbox 1300 1963 1333 2026; x_wconf 95' lang='lat' dir='ltr'><strong>in</strong></span> <span class='ocrx_word' id='word_1_116' title='bbox 1347 1960 1551 2047; x_wconf 84' lang='lat' dir='ltr'><strong>longitudine</strong></span> <span class='ocrx_word' id='word_1_117' title='bbox 1564 1961 1688 2026; x_wconf 87' lang='lat' dir='ltr'><strong>leucam</strong></span> <span class='ocrx_word' id='word_1_118' title='bbox 1705 1985 1811 2046; x_wconf 87' lang='lat' dir='ltr'><strong>unam,</strong></span> <span class='ocrx_word' id='word_1_119' title='bbox 1834 1964 1868 2028; x_wconf 93' lang='lat' dir='ltr'><strong>in</strong></span> <span class='ocrx_word' id='word_1_120' title='bbox 1883 1960 2054 2028; x_wconf 87' lang='lat' dir='ltr'><strong>latitudine</strong></span> <span class='ocrx_word' id='word_1_121' title='bbox 2069 1961 2246 2028; x_wconf 83' lang='lat' dir='ltr'><strong>dimidiam.</strong></span> 
     </span>
     <span class='ocr_line' id='line_1_13' title="bbox 576 2077 2248 2172; baseline -0.004 -23"><span class='ocrx_word' id='word_1_122' title='bbox 576 2087 614 2150; x_wconf 95' lang='lat' dir='ltr'><strong>In</strong></span> <span class='ocrx_word' id='word_1_123' title='bbox 641 2106 703 2172; x_wconf 93' lang='lat' dir='ltr'><strong>quo</strong></span> <span class='ocrx_word' id='word_1_124' title='bbox 736 2083 849 2169; x_wconf 89' lang='lat' dir='ltr'><strong>spacio</strong></span> <span class='ocrx_word' id='word_1_125' title='bbox 879 2089 953 2146; x_wconf 91' lang='lat' dir='ltr'><strong>sunt</strong></span> <span class='ocrx_word' id='word_1_126' title='bbox 973 2079 1111 2162; x_wconf 87' lang='lat' dir='ltr'><strong>iardini,</strong></span> <span class='ocrx_word' id='word_1_127' title='bbox 1142 2081 1175 2143; x_wconf 92' lang='lat' dir='ltr'><strong>in</strong></span> <span class='ocrx_word' id='word_1_128' title='bbox 1203 2077 1319 2164; x_wconf 90' lang='lat' dir='ltr'><strong>quibus</strong></span> <span class='ocrx_word' id='word_1_129' title='bbox 1345 2077 1468 2143; x_wconf 88' lang='lat' dir='ltr'><strong>fructus</strong></span> <span class='ocrx_word' id='word_1_130' title='bbox 1495 2077 1617 2142; x_wconf 90' lang='lat' dir='ltr'><strong>diuersi</strong></span> <span class='ocrx_word' id='word_1_131' title='bbox 1646 2088 1795 2142; x_wconf 87' lang='lat' dir='ltr'><strong>crescunt</strong></span> <span class='ocrx_word' id='word_1_132' title='bbox 1823 2089 1855 2142; x_wconf 89' lang='lat' dir='ltr'><strong>et</strong></span> <span class='ocrx_word' id='word_1_133' title='bbox 1879 2080 1913 2144; x_wconf 92' lang='lat' dir='ltr'><strong>in</strong></span> <span class='ocrx_word' id='word_1_134' title='bbox 1941 2088 2033 2144; x_wconf 82' lang='lat' dir='ltr'><strong>tanta</strong></span> <span class='ocrx_word' id='word_1_135' title='bbox 2060 2080 2248 2168; x_wconf 79' lang='lat' dir='ltr'><strong>quantitate,</strong></span> 
     </span>
     <span class='ocr_line' id='line_1_14' title="bbox 577 2192 2162 2288; baseline -0.005 -22"><span class='ocrx_word' id='word_1_136' title='bbox 577 2201 663 2288; x_wconf 89' lang='lat' dir='ltr'><strong>quod</strong></span> <span class='ocrx_word' id='word_1_137' title='bbox 686 2199 836 2264; x_wconf 85' lang='lat' dir='ltr'><strong>dicuntur</strong></span> <span class='ocrx_word' id='word_1_138' title='bbox 857 2195 993 2282; x_wconf 81' lang='lat' dir='ltr'><strong>singulis</strong></span> <span class='ocrx_word' id='word_1_139' title='bbox 1014 2197 1107 2260; x_wconf 87' lang='lat' dir='ltr'><strong>anuis</strong></span> <span class='ocrx_word' id='word_1_140' title='bbox 1126 2193 1235 2258; x_wconf 86' lang='lat' dir='ltr'><strong>ualere</strong></span> <span class='ocrx_word' id='word_1_141' title='bbox 1255 2195 1322 2258; x_wconf 89' lang='lat' dir='ltr'><strong>suis</strong></span> <span class='ocrx_word' id='word_1_142' title='bbox 1344 2194 1483 2259; x_wconf 89' lang='lat' dir='ltr'><strong>dominis</strong></span> <span class='ocrx_word' id='word_1_143' title='bbox 1504 2193 1589 2260; x_wconf 81' lang='lat' dir='ltr'><strong>CCC</strong></span> <span class='ocrx_word' id='word_1_144' title='bbox 1610 2192 1700 2258; x_wconf 90' lang='lat' dir='ltr'><strong>milia</strong></span> <span class='ocrx_word' id='word_1_145' title='bbox 1718 2192 1959 2280; x_wconf 85' lang='lat' dir='ltr'><strong>bysanticorum</strong></span> <span class='ocrx_word' id='word_1_146' title='bbox 1982 2216 2162 2261; x_wconf 82' lang='lat' dir='ltr'><strong>aureorum.</strong></span> 
     </span>
    </p>

    <p class='ocr_par' dir='ltr' id='par_1_6' title="bbox 529 2307 2247 3439">
     <span class='ocr_line' id='line_1_15' title="bbox 529 2307 2247 2396; baseline 0 -22"><span class='ocrx_word' id='word_1_147' title='bbox 529 2325 559 2375; x_wconf 83' lang='grc'><strong>19</strong></span> <span class='ocrx_word' id='word_1_148' title='bbox 702 2319 835 2378; x_wconf 81' lang='lat' dir='ltr'><strong>Libanus</strong></span> <span class='ocrx_word' id='word_1_149' title='bbox 865 2311 964 2376; x_wconf 85' lang='lat' dir='ltr'><strong>distat</strong></span> <span class='ocrx_word' id='word_1_150' title='bbox 990 2334 1010 2376; x_wconf 88' lang='lat' dir='ltr'><strong>a</strong></span> <span class='ocrx_word' id='word_1_151' title='bbox 1041 2311 1171 2376; x_wconf 87' lang='lat' dir='ltr'><strong>ciuitate</strong></span> <span class='ocrx_word' id='word_1_152' title='bbox 1198 2311 1261 2374; x_wconf 87' lang='lat' dir='ltr'><strong>ista</strong></span> <span class='ocrx_word' id='word_1_153' title='bbox 1291 2309 1333 2374; x_wconf 86' lang='lat' dir='ltr'><strong>ad</strong></span> <span class='ocrx_word' id='word_1_154' title='bbox 1359 2319 1425 2374; x_wconf 88' lang='lat' dir='ltr'><strong>tres</strong></span> <span class='ocrx_word' id='word_1_155' title='bbox 1452 2307 1572 2374; x_wconf 88' lang='lat' dir='ltr'><strong>leucas.</strong></span> <span class='ocrx_word' id='word_1_156' title='bbox 1612 2307 1667 2373; x_wconf 86' lang='lat' dir='ltr'><strong>Ad</strong></span> <span class='ocrx_word' id='word_1_157' title='bbox 1695 2311 1786 2374; x_wconf 89' lang='lat' dir='ltr'><strong>cuius</strong></span> <span class='ocrx_word' id='word_1_158' title='bbox 1816 2309 1931 2396; x_wconf 84' lang='lat' dir='ltr'><strong>pedem</strong></span> <span class='ocrx_word' id='word_1_159' title='bbox 1952 2317 2029 2388; x_wconf 76' lang='lat' dir='ltr'><strong>soar</strong></span> <span class='ocrx_word' id='word_1_160' title='bbox 2050 2314 2151 2373; x_wconf 81' lang='lat' dir='ltr'><strong>oritur</strong></span> <span class='ocrx_word' id='word_1_161' title='bbox 2169 2323 2247 2374; x_wconf 75' lang='lat' dir='ltr'><strong>orto</strong></span> 
     </span>
     <span class='ocr_line' id='line_1_16' title="bbox 579 2424 2247 2511; baseline -0.002 -15"><span class='ocrx_word' id='word_1_162' title='bbox 579 2433 714 2511; x_wconf 57' lang='lat' dir='ltr'><strong>rurali),</strong></span> <span class='ocrx_word' id='word_1_163' title='bbox 734 2437 835 2511; x_wconf 80' lang='lat' dir='ltr'><strong>fluens</strong></span> <span class='ocrx_word' id='word_1_164' title='bbox 856 2433 966 2508; x_wconf 82' lang='lat' dir='ltr'><strong>impeta</strong></span> <span class='ocrx_word' id='word_1_165' title='bbox 987 2433 1024 2489; x_wconf 82' lang='lat' dir='ltr'><strong>dc</strong></span> <span class='ocrx_word' id='word_1_166' title='bbox 1045 2430 1174 2502; x_wconf 81' lang='lat' dir='ltr'><strong>Libano,</strong></span> <span class='ocrx_word' id='word_1_167' title='bbox 1204 2426 1287 2490; x_wconf 90' lang='lat' dir='ltr'><strong>sicut</strong></span> <span class='ocrx_word' id='word_1_168' title='bbox 1308 2424 1427 2490; x_wconf 89' lang='lat' dir='ltr'><strong>dicitur</strong></span> <span class='ocrx_word' id='word_1_169' title='bbox 1446 2425 1480 2490; x_wconf 91' lang='lat' dir='ltr'><strong>in</strong></span> <span class='ocrx_word' id='word_1_170' title='bbox 1503 2424 1710 2503; x_wconf 64' lang='lat' dir='ltr'><strong>cmuciatu.</strong></span> <span class='ocrx_word' id='word_1_171' title='bbox 1751 2426 1841 2490; x_wconf 84' lang='lat' dir='ltr'><strong>Fons</strong></span> <span class='ocrx_word' id='word_1_172' title='bbox 1861 2427 1921 2490; x_wconf 87' lang='lat' dir='ltr'><strong>iste</strong></span> <span class='ocrx_word' id='word_1_173' title='bbox 1942 2425 2138 2504; x_wconf 62' lang='lat' dir='ltr'><strong>humiliter«)</strong></span> <span class='ocrx_word' id='word_1_174' title='bbox 2157 2432 2247 2492; x_wconf 84' lang='lat' dir='ltr'><strong>nasci</strong></span> 
     </span>
     <span class='ocr_line' id='line_1_17' title="bbox 577 2540 2246 2630; baseline -0.004 -16"><span class='ocrx_word' id='word_1_175' title='bbox 577 2548 723 2630; x_wconf 89' lang='lat' dir='ltr'><strong>uidetur,</strong></span> <span class='ocrx_word' id='word_1_176' title='bbox 753 2543 810 2610; x_wconf 87' lang='lat' dir='ltr'><strong>sed</strong></span> <span class='ocrx_word' id='word_1_177' title='bbox 838 2543 944 2608; x_wconf 88' lang='lat' dir='ltr'><strong>subito</strong></span> <span class='ocrx_word' id='word_1_178' title='bbox 966 2541 1170 2606; x_wconf 80' lang='lat' dir='ltr'><strong>indolescens</strong></span> <span class='ocrx_word' id='word_1_179' title='bbox 1198 2540 1330 2606; x_wconf 89' lang='lat' dir='ltr'><strong>fluuium</strong></span> <span class='ocrx_word' id='word_1_180' title='bbox 1352 2542 1430 2606; x_wconf 82' lang='lat' dir='ltr'><strong>facit</strong></span> <span class='ocrx_word' id='word_1_181' title='bbox 1455 2541 1678 2606; x_wconf 85' lang='lat' dir='ltr'><strong>uehementem</strong></span> <span class='ocrx_word' id='word_1_182' title='bbox 1700 2551 1732 2604; x_wconf 90' lang='lat' dir='ltr'><strong>et</strong></span> <span class='ocrx_word' id='word_1_183' title='bbox 1758 2563 1910 2626; x_wconf 83' lang='lat' dir='ltr'><strong>magnum</strong></span> <span class='ocrx_word' id='word_1_184' title='bbox 1932 2541 2037 2608; x_wconf 88' lang='lat' dir='ltr'><strong>ualde.</strong></span> <span class='ocrx_word' id='word_1_185' title='bbox 2075 2542 2142 2609; x_wconf 90' lang='lat' dir='ltr'><strong>Iste</strong></span> <span class='ocrx_word' id='word_1_186' title='bbox 2161 2545 2246 2628; x_wconf 80' lang='lat' dir='ltr'><strong>rigat</strong></span> 
     </span>
     <span class='ocr_line' id='line_1_18' title="bbox 580 2655 2246 2747; baseline -0.002 -19"><span class='ocrx_word' id='word_1_187' title='bbox 580 2685 691 2728; x_wconf 87' lang='lat' dir='ltr'><strong>ornnes</strong></span> <span class='ocrx_word' id='word_1_188' title='bbox 712 2675 800 2727; x_wconf 87' lang='lat' dir='ltr'><strong>ortos</strong></span> <span class='ocrx_word' id='word_1_189' title='bbox 823 2671 855 2725; x_wconf 89' lang='lat' dir='ltr'><strong>et</strong></span> <span class='ocrx_word' id='word_1_190' title='bbox 874 2659 1046 2747; x_wconf 80' lang='lat' dir='ltr'><strong>planiciem</strong></span> <span class='ocrx_word' id='word_1_191' title='bbox 1068 2659 1152 2722; x_wconf 90' lang='lat' dir='ltr'><strong>inter</strong></span> <span class='ocrx_word' id='word_1_192' title='bbox 1174 2655 1333 2742; x_wconf 85' lang='lat' dir='ltr'><strong>Tripolim</strong></span> <span class='ocrx_word' id='word_1_193' title='bbox 1354 2669 1387 2723; x_wconf 90' lang='lat' dir='ltr'><strong>et</strong></span> <span class='ocrx_word' id='word_1_194' title='bbox 1400 2657 1572 2739; x_wconf 80' lang='lat' dir='ltr'><strong>Libanum,</strong></span> <span class='ocrx_word' id='word_1_195' title='bbox 1594 2666 1627 2720; x_wconf 90' lang='lat' dir='ltr'><strong>et</strong></span> <span class='ocrx_word' id='word_1_196' title='bbox 1646 2655 1849 2722; x_wconf 77' lang='lat' dir='ltr'><strong>commendat</strong></span> <span class='ocrx_word' id='word_1_197' title='bbox 1867 2657 2058 2723; x_wconf 87' lang='lat' dir='ltr'><strong>mirabiliter</strong></span> <span class='ocrx_word' id='word_1_198' title='bbox 2073 2660 2246 2745; x_wconf 80' lang='lat' dir='ltr'><strong>regionem.</strong></span> 
     </span>
     <span class='ocr_line' id='line_1_19' title="bbox 579 2770 2246 2865; baseline -0.003 -22"><span class='ocrx_word' id='word_1_199' title='bbox 579 2780 671 2865; x_wconf 83' lang='lat' dir='ltr'><strong>Aque</strong></span> <span class='ocrx_word' id='word_1_200' title='bbox 693 2777 762 2842; x_wconf 87' lang='lat' dir='ltr'><strong>eius</strong></span> <span class='ocrx_word' id='word_1_201' title='bbox 784 2777 904 2864; x_wconf 87' lang='lat' dir='ltr'><strong>optimc</strong></span> <span class='ocrx_word' id='word_1_202' title='bbox 926 2785 1008 2856; x_wconf 90' lang='lat' dir='ltr'><strong>sunt,</strong></span> <span class='ocrx_word' id='word_1_203' title='bbox 1028 2773 1146 2859; x_wconf 87' lang='lat' dir='ltr'><strong>frigide</strong></span> <span class='ocrx_word' id='word_1_204' title='bbox 1168 2783 1200 2836; x_wconf 90' lang='lat' dir='ltr'><strong>et</strong></span> <span class='ocrx_word' id='word_1_205' title='bbox 1220 2773 1341 2853; x_wconf 75' lang='lat' dir='ltr'><strong>dudces,</strong></span> <span class='ocrx_word' id='word_1_206' title='bbox 1362 2785 1394 2838; x_wconf 88' lang='lat' dir='ltr'><strong>et</strong></span> <span class='ocrx_word' id='word_1_207' title='bbox 1414 2775 1510 2860; x_wconf 89' lang='lat' dir='ltr'><strong>plura</strong></span> <span class='ocrx_word' id='word_1_208' title='bbox 1530 2771 1637 2849; x_wconf 72' lang='lat' dir='ltr'><strong>low)</strong></span> <span class='ocrx_word' id='word_1_209' title='bbox 1663 2770 1817 2857; x_wconf 85' lang='lat' dir='ltr'><strong>religiosa</strong></span> <span class='ocrx_word' id='word_1_210' title='bbox 1839 2783 2026 2839; x_wconf 84' lang='lat' dir='ltr'><strong>constructa</strong></span> <span class='ocrx_word' id='word_1_211' title='bbox 2048 2785 2123 2840; x_wconf 91' lang='lat' dir='ltr'><strong>sunt</strong></span> <span class='ocrx_word' id='word_1_212' title='bbox 2149 2795 2246 2862; x_wconf 85' lang='lat' dir='ltr'><strong>super</strong></span> 
     </span>
     <span class='ocr_line' id='line_1_20' title="bbox 579 2887 2245 2978; baseline -0.002 -19"><span class='ocrx_word' id='word_1_213' title='bbox 579 2895 668 2959; x_wconf 88' lang='lat' dir='ltr'><strong>riuos</strong></span> <span class='ocrx_word' id='word_1_214' title='bbox 690 2895 758 2958; x_wconf 90' lang='lat' dir='ltr'><strong>eius</strong></span> <span class='ocrx_word' id='word_1_215' title='bbox 781 2903 812 2957; x_wconf 91' lang='lat' dir='ltr'><strong>et</strong></span> <span class='ocrx_word' id='word_1_216' title='bbox 834 2891 968 2956; x_wconf 79' lang='lat' dir='ltr'><strong>ecclesie</strong></span> <span class='ocrx_word' id='word_1_217' title='bbox 989 2889 1096 2954; x_wconf 91' lang='lat' dir='ltr'><strong>multe.</strong></span> <span class='ocrx_word' id='word_1_218' title='bbox 1139 2887 1238 2952; x_wconf 88' lang='lat' dir='ltr'><strong>Uenit</strong></span> <span class='ocrx_word' id='word_1_219' title='bbox 1257 2899 1379 2971; x_wconf 82' lang='lat' dir='ltr'><strong>autern,</strong></span> <span class='ocrx_word' id='word_1_220' title='bbox 1413 2891 1497 2954; x_wconf 90' lang='lat' dir='ltr'><strong>sicut</strong></span> <span class='ocrx_word' id='word_1_221' title='bbox 1523 2888 1737 2971; x_wconf 89' lang='lat' dir='ltr'><strong>dictumest,</strong></span> <span class='ocrx_word' id='word_1_222' title='bbox 1769 2887 1810 2952; x_wconf 90' lang='lat' dir='ltr'><strong>de</strong></span> <span class='ocrx_word' id='word_1_223' title='bbox 1836 2887 1948 2953; x_wconf 81' lang='lat' dir='ltr'><strong>radice</strong></span> <span class='ocrx_word' id='word_1_224' title='bbox 1969 2891 2103 2973; x_wconf 89' lang='lat' dir='ltr'><strong>montis,</strong></span> <span class='ocrx_word' id='word_1_225' title='bbox 2133 2902 2165 2955; x_wconf 90' lang='lat' dir='ltr'><strong>et</strong></span> <span class='ocrx_word' id='word_1_226' title='bbox 2185 2912 2245 2978; x_wconf 86' lang='lat' dir='ltr'><strong>pro</strong></span> 
     </span>
     <span class='ocr_line' id='line_1_21' title="bbox 579 3003 2244 3096; baseline -0.001 -23"><span class='ocrx_word' id='word_1_227' title='bbox 579 3019 672 3096; x_wconf 89' lang='lat' dir='ltr'><strong>parte</strong></span> <span class='ocrx_word' id='word_1_228' title='bbox 695 3009 810 3072; x_wconf 82' lang='lat' dir='ltr'><strong>circuit</strong></span> <span class='ocrx_word' id='word_1_229' title='bbox 830 3017 971 3072; x_wconf 89' lang='lat' dir='ltr'><strong>montem</strong></span> <span class='ocrx_word' id='word_1_230' title='bbox 993 3003 1237 3092; x_wconf 81' lang='lat' dir='ltr'><strong>leopardorum,</strong></span> <span class='ocrx_word' id='word_1_231' title='bbox 1268 3015 1300 3068; x_wconf 87' lang='lat' dir='ltr'><strong>et</strong></span> <span class='ocrx_word' id='word_1_232' title='bbox 1321 3018 1436 3090; x_wconf 88' lang='lat' dir='ltr'><strong>postea</strong></span> <span class='ocrx_word' id='word_1_233' title='bbox 1455 3027 1514 3092; x_wconf 90' lang='lat' dir='ltr'><strong>per</strong></span> <span class='ocrx_word' id='word_1_234' title='bbox 1537 3016 1625 3070; x_wconf 91' lang='lat' dir='ltr'><strong>ortos</strong></span> <span class='ocrx_word' id='word_1_235' title='bbox 1645 3003 1830 3085; x_wconf 85' lang='lat' dir='ltr'><strong>deducitur,</strong></span> <span class='ocrx_word' id='word_1_236' title='bbox 1859 3005 1972 3089; x_wconf 82' lang='lat' dir='ltr'><strong>rigans</strong></span> <span class='ocrx_word' id='word_1_237' title='bbox 1993 3006 2130 3093; x_wconf 60' lang='lat' dir='ltr'><strong>ipsust).</strong></span> <span class='ocrx_word' id='word_1_238' title='bbox 2174 3007 2244 3072; x_wconf 86' lang='lat' dir='ltr'><strong>Tri·</strong></span> 
     </span>
     <span class='ocr_line' id='line_1_22' title="bbox 576 3119 2243 3208; baseline -0.003 -19"><span class='ocrx_word' id='word_1_239' title='bbox 576 3125 636 3189; x_wconf 89' lang='lat' dir='ltr'><strong>bus</strong></span> <span class='ocrx_word' id='word_1_240' title='bbox 669 3135 775 3189; x_wconf 87' lang='lat' dir='ltr'><strong>autern</strong></span> <span class='ocrx_word' id='word_1_241' title='bbox 805 3121 992 3188; x_wconf 88' lang='lat' dir='ltr'><strong>fluminibus</strong></span> <span class='ocrx_word' id='word_1_242' title='bbox 1016 3121 1095 3186; x_wconf 88' lang='lat' dir='ltr'><strong>bene</strong></span> <span class='ocrx_word' id='word_1_243' title='bbox 1117 3121 1243 3205; x_wconf 87' lang='lat' dir='ltr'><strong>magnis</strong></span> <span class='ocrx_word' id='word_1_244' title='bbox 1268 3143 1358 3184; x_wconf 89' lang='lat' dir='ltr'><strong>mare</strong></span> <span class='ocrx_word' id='word_1_245' title='bbox 1378 3119 1579 3206; x_wconf 84' lang='lat' dir='ltr'><strong>ingreditur,</strong></span> <span class='ocrx_word' id='word_1_246' title='bbox 1606 3130 1715 3208; x_wconf 87' lang='lat' dir='ltr'><strong>preter</strong></span> <span class='ocrx_word' id='word_1_247' title='bbox 1743 3121 1831 3184; x_wconf 79' lang='lat' dir='ltr'><strong>rituos</strong></span> <span class='ocrx_word' id='word_1_248' title='bbox 1851 3119 1950 3202; x_wconf 89' lang='lat' dir='ltr'><strong>alios,</strong></span> <span class='ocrx_word' id='word_1_249' title='bbox 1977 3122 2031 3206; x_wconf 91' lang='lat' dir='ltr'><strong>qui</strong></span> <span class='ocrx_word' id='word_1_250' title='bbox 2052 3124 2086 3186; x_wconf 90' lang='lat' dir='ltr'><strong>iu</strong></span> <span class='ocrx_word' id='word_1_251' title='bbox 2107 3121 2243 3187; x_wconf 87' lang='lat' dir='ltr'><strong>diuersis</strong></span> 
     </span>
     <span class='ocr_line' id='line_1_23' title="bbox 576 3235 2243 3322; baseline -0.001 -17"><span class='ocrx_word' id='word_1_252' title='bbox 576 3241 657 3306; x_wconf 89' lang='lat' dir='ltr'><strong>locis</strong></span> <span class='ocrx_word' id='word_1_253' title='bbox 690 3239 839 3303; x_wconf 87' lang='lat' dir='ltr'><strong>similiter</strong></span> <span class='ocrx_word' id='word_1_254' title='bbox 865 3241 898 3302; x_wconf 95' lang='lat' dir='ltr'><strong>in</strong></span> <span class='ocrx_word' id='word_1_255' title='bbox 927 3259 1016 3300; x_wconf 86' lang='lat' dir='ltr'><strong>mare</strong></span> <span class='ocrx_word' id='word_1_256' title='bbox 1045 3236 1156 3300; x_wconf 92' lang='lat' dir='ltr'><strong>fluunt.</strong></span> <span class='ocrx_word' id='word_1_257' title='bbox 1201 3235 1244 3300; x_wconf 80' lang='lat' dir='ltr'><strong>Et</strong></span> <span class='ocrx_word' id='word_1_258' title='bbox 1273 3258 1333 3322; x_wconf 87' lang='lat' dir='ltr'><strong>pro</strong></span> <span class='ocrx_word' id='word_1_259' title='bbox 1363 3247 1451 3301; x_wconf 85' lang='lat' dir='ltr'><strong>certo</strong></span> <span class='ocrx_word' id='word_1_260' title='bbox 1480 3235 1521 3300; x_wconf 88' lang='lat' dir='ltr'><strong>do</strong></span> <span class='ocrx_word' id='word_1_261' title='bbox 1549 3237 1610 3302; x_wconf 88' lang='lat' dir='ltr'><strong>isto</strong></span> <span class='ocrx_word' id='word_1_262' title='bbox 1633 3238 1721 3302; x_wconf 86' lang='lat' dir='ltr'><strong>fonte</strong></span> <span class='ocrx_word' id='word_1_263' title='bbox 1741 3257 1854 3300; x_wconf 89' lang='lat' dir='ltr'><strong>uerum</strong></span> <span class='ocrx_word' id='word_1_264' title='bbox 1875 3246 1938 3316; x_wconf 89' lang='lat' dir='ltr'><strong>est,</strong></span> <span class='ocrx_word' id='word_1_265' title='bbox 1965 3237 2052 3321; x_wconf 89' lang='lat' dir='ltr'><strong>quod</strong></span> <span class='ocrx_word' id='word_1_266' title='bbox 2073 3237 2193 3302; x_wconf 89' lang='lat' dir='ltr'><strong>dicitnr</strong></span> <span class='ocrx_word' id='word_1_267' title='bbox 2210 3239 2243 3302; x_wconf 88' lang='lat' dir='ltr'><strong>iu</strong></span> 
     </span>
     <span class='ocr_line' id='line_1_24' title="bbox 577 3350 2246 3439; baseline 0.001 -20"><span class='ocrx_word' id='word_1_268' title='bbox 577 3355 739 3420; x_wconf 87' lang='lat' dir='ltr'><strong>Hesthcre</strong></span> <span class='ocrx_word' id='word_1_269' title='bbox 753 3358 803 3436; x_wconf 58' lang='lat' dir='ltr'><strong>q³),</strong></span> <span class='ocrx_word' id='word_1_270' title='bbox 827 3355 902 3439; x_wconf 88' lang='lat' dir='ltr'><strong>quia</strong></span> <span class='ocrx_word' id='word_1_271' title='bbox 918 3353 988 3416; x_wconf 87' lang='lat' dir='ltr'><strong>fons</strong></span> <span class='ocrx_word' id='word_1_272' title='bbox 1005 3373 1126 3436; x_wconf 87' lang='lat' dir='ltr'><strong>paruus</strong></span> <span class='ocrx_word' id='word_1_273' title='bbox 1144 3353 1244 3416; x_wconf 89' lang='lat' dir='ltr'><strong>creuit</strong></span> <span class='ocrx_word' id='word_1_274' title='bbox 1257 3353 1290 3415; x_wconf 91' lang='lat' dir='ltr'><strong>in</strong></span> <span class='ocrx_word' id='word_1_275' title='bbox 1305 3351 1437 3416; x_wconf 88' lang='lat' dir='ltr'><strong>fluuium</strong></span> <span class='ocrx_word' id='word_1_276' title='bbox 1453 3375 1606 3438; x_wconf 87' lang='lat' dir='ltr'><strong>magnum</strong></span> <span class='ocrx_word' id='word_1_277' title='bbox 1621 3363 1654 3417; x_wconf 83' lang='lat' dir='ltr'><strong>et</strong></span> <span class='ocrx_word' id='word_1_278' title='bbox 1672 3354 1738 3428; x_wconf 71' lang='lat' dir='ltr'><strong>inc)</strong></span> <span class='ocrx_word' id='word_1_279' title='bbox 1753 3373 1855 3437; x_wconf 85' lang='lat' dir='ltr'><strong>aquas</strong></span> <span class='ocrx_word' id='word_1_280' title='bbox 1873 3350 2030 3438; x_wconf 90' lang='lat' dir='ltr'><strong>plurimas</strong></span> <span class='ocrx_word' id='word_1_281' title='bbox 2044 3353 2246 3420; x_wconf 87' lang='lat' dir='ltr'><strong>redundauit.</strong></span> 
     </span>
    </p>

    <p class='ocr_par' dir='ltr' id='par_1_7' title="bbox 525 3465 2245 4019">
     <span class='ocr_line' id='line_1_25' title="bbox 525 3465 2245 3555; baseline 0.003 -26"><span class='ocrx_word' id='word_1_282' title='bbox 525 3478 557 3530; x_wconf 80' lang='lat'><strong>²0</strong></span> <span class='ocrx_word' id='word_1_283' title='bbox 700 3471 752 3534; x_wconf 90' lang='lat' dir='ltr'><strong>De</strong></span> <span class='ocrx_word' id='word_1_284' title='bbox 776 3467 902 3554; x_wconf 85' lang='lat' dir='ltr'><strong>Tripoli</strong></span> <span class='ocrx_word' id='word_1_285' title='bbox 924 3465 967 3532; x_wconf 90' lang='lat' dir='ltr'><strong>ad</strong></span> <span class='ocrx_word' id='word_1_286' title='bbox 988 3465 1069 3530; x_wconf 86' lang='lat' dir='ltr'><strong>duas</strong></span> <span class='ocrx_word' id='word_1_287' title='bbox 1091 3465 1199 3530; x_wconf 89' lang='lat' dir='ltr'><strong>leucas</strong></span> <span class='ocrx_word' id='word_1_288' title='bbox 1222 3477 1271 3530; x_wconf 90' lang='lat' dir='ltr'><strong>est</strong></span> <span class='ocrx_word' id='word_1_289' title='bbox 1290 3491 1371 3529; x_wconf 82' lang='lat' dir='ltr'><strong>mous</strong></span> <span class='ocrx_word' id='word_1_290' title='bbox 1392 3474 1602 3547; x_wconf 81' lang='lat' dir='ltr'><strong>leopardorum</strong></span> <span class='ocrx_word' id='word_1_291' title='bbox 1616 3473 1674 3548; x_wconf 66' lang='lat'><strong>⁸⁶),</strong></span> <span class='ocrx_word' id='word_1_292' title='bbox 1703 3467 1859 3532; x_wconf 88' lang='lat' dir='ltr'><strong>rotundus</strong></span> <span class='ocrx_word' id='word_1_293' title='bbox 1892 3469 1925 3532; x_wconf 88' lang='lat' dir='ltr'><strong>lu</strong></span> <span class='ocrx_word' id='word_1_294' title='bbox 1953 3480 2087 3555; x_wconf 88' lang='lat' dir='ltr'><strong>aspectu</strong></span> <span class='ocrx_word' id='word_1_295' title='bbox 2113 3484 2146 3534; x_wconf 90' lang='lat' dir='ltr'><strong>et</strong></span> <span class='ocrx_word' id='word_1_296' title='bbox 2166 3472 2245 3536; x_wconf 88' lang='lat' dir='ltr'><strong>satis</strong></span> 
     </span>
     <span class='ocr_line' id='line_1_26' title="bbox 576 3581 2243 3671; baseline 0 -21"><span class='ocrx_word' id='word_1_297' title='bbox 576 3586 677 3667; x_wconf 86' lang='lat' dir='ltr'><strong>altus,</strong></span> <span class='ocrx_word' id='word_1_298' title='bbox 708 3584 832 3649; x_wconf 88' lang='lat' dir='ltr'><strong>distans</strong></span> <span class='ocrx_word' id='word_1_299' title='bbox 855 3582 895 3647; x_wconf 88' lang='lat' dir='ltr'><strong>de</strong></span> <span class='ocrx_word' id='word_1_300' title='bbox 917 3582 1042 3646; x_wconf 86' lang='lat' dir='ltr'><strong>Libano</strong></span> <span class='ocrx_word' id='word_1_301' title='bbox 1073 3581 1115 3646; x_wconf 88' lang='lat' dir='ltr'><strong>ad</strong></span> <span class='ocrx_word' id='word_1_302' title='bbox 1137 3605 1234 3646; x_wconf 89' lang='lat' dir='ltr'><strong>unam</strong></span> <span class='ocrx_word' id='word_1_303' title='bbox 1253 3581 1389 3648; x_wconf 88' lang='lat' dir='ltr'><strong>leucam.</strong></span> <span class='ocrx_word' id='word_1_304' title='bbox 1431 3584 1470 3647; x_wconf 92' lang='lat' dir='ltr'><strong>ln</strong></span> <span class='ocrx_word' id='word_1_305' title='bbox 1495 3584 1588 3648; x_wconf 87' lang='lat' dir='ltr'><strong>buius</strong></span> <span class='ocrx_word' id='word_1_306' title='bbox 1619 3584 1701 3671; x_wconf 83' lang='lat' dir='ltr'><strong>pede</strong></span> <span class='ocrx_word' id='word_1_307' title='bbox 1725 3581 1935 3669; x_wconf 62' lang='lat' dir='ltr'><strong>aquilonalia)</strong></span> <span class='ocrx_word' id='word_1_308' title='bbox 1957 3585 2025 3649; x_wconf 92' lang='lat' dir='ltr'><strong>uidi</strong></span> <span class='ocrx_word' id='word_1_309' title='bbox 2047 3586 2243 3671; x_wconf 82' lang='lat' dir='ltr'><strong>speluncam,</strong></span> 
     </span>
     <span class='ocr_line' id='line_1_27' title="bbox 576 3696 2244 3788; baseline 0.002 -23"><span class='ocrx_word' id='word_1_310' title='bbox 576 3704 609 3766; x_wconf 92' lang='lat' dir='ltr'><strong>in</strong></span> <span class='ocrx_word' id='word_1_311' title='bbox 633 3724 696 3788; x_wconf 88' lang='lat' dir='ltr'><strong>qua</strong></span> <span class='ocrx_word' id='word_1_312' title='bbox 719 3710 789 3764; x_wconf 88' lang='lat' dir='ltr'><strong>erat</strong></span> <span class='ocrx_word' id='word_1_313' title='bbox 811 3707 1067 3776; x_wconf 87' lang='lat' dir='ltr'><strong>monumentum,</strong></span> <span class='ocrx_word' id='word_1_314' title='bbox 1096 3696 1219 3762; x_wconf 89' lang='lat' dir='ltr'><strong>habens</strong></span> <span class='ocrx_word' id='word_1_315' title='bbox 1241 3697 1306 3762; x_wconf 91' lang='lat' dir='ltr'><strong>XII</strong></span> <span class='ocrx_word' id='word_1_316' title='bbox 1316 3701 1337 3776; x_wconf 68' lang='grc' dir='ltr'><strong>ἰ)</strong></span> <span class='ocrx_word' id='word_1_317' title='bbox 1364 3698 1463 3785; x_wconf 85' lang='lat' dir='ltr'><strong>pedes</strong></span> <span class='ocrx_word' id='word_1_318' title='bbox 1486 3698 1717 3784; x_wconf 79' lang='lat' dir='ltr'><strong>longitudinis,</strong></span> <span class='ocrx_word' id='word_1_319' title='bbox 1743 3697 1831 3785; x_wconf 90' lang='lat' dir='ltr'><strong>quod</strong></span> <span class='ocrx_word' id='word_1_320' title='bbox 1852 3702 2024 3764; x_wconf 77' lang='lat' dir='ltr'><strong>Sarraceui</strong></span> <span class='ocrx_word' id='word_1_321' title='bbox 2047 3701 2163 3767; x_wconf 88' lang='lat' dir='ltr'><strong>deuote</strong></span> <span class='ocrx_word' id='word_1_322' title='bbox 2185 3703 2244 3768; x_wconf 78' lang='lat' dir='ltr'><strong>fre</strong></span> 
     </span>
     <span class='ocr_line' id='line_1_28' title="bbox 576 3812 2245 3904; baseline 0.002 -24"><span class='ocrx_word' id='word_1_323' title='bbox 576 3827 747 3904; x_wconf 88' lang='lat' dir='ltr'><strong>quentant,</strong></span> <span class='ocrx_word' id='word_1_324' title='bbox 776 3815 918 3879; x_wconf 89' lang='lat' dir='ltr'><strong>diceutes</strong></span> <span class='ocrx_word' id='word_1_325' title='bbox 948 3812 1028 3878; x_wconf 90' lang='lat' dir='ltr'><strong>illud</strong></span> <span class='ocrx_word' id='word_1_326' title='bbox 1047 3835 1118 3878; x_wconf 87' lang='lat' dir='ltr'><strong>esse</strong></span> <span class='ocrx_word' id='word_1_327' title='bbox 1139 3819 1307 3892; x_wconf 80' lang='lat' dir='ltr'><strong>sepulcrum</strong></span> <span class='ocrx_word' id='word_1_328' title='bbox 1329 3820 1432 3890; x_wconf 65' lang='lat' dir='ltr'><strong>Ioum</strong></span> <span class='ocrx_word' id='word_1_329' title='bbox 1464 3815 1552 3901; x_wconf 89' lang='lat' dir='ltr'><strong>quod</strong></span> <span class='ocrx_word' id='word_1_330' title='bbox 1577 3838 1642 3880; x_wconf 90' lang='lat' dir='ltr'><strong>non</strong></span> <span class='ocrx_word' id='word_1_331' title='bbox 1669 3815 1766 3880; x_wconf 87' lang='lat' dir='ltr'><strong>credo</strong></span> <span class='ocrx_word' id='word_1_332' title='bbox 1789 3836 1902 3879; x_wconf 87' lang='lat' dir='ltr'><strong>uerum</strong></span> <span class='ocrx_word' id='word_1_333' title='bbox 1924 3838 2009 3898; x_wconf 88' lang='lat' dir='ltr'><strong>esse,</strong></span> <span class='ocrx_word' id='word_1_334' title='bbox 2038 3819 2114 3902; x_wconf 92' lang='lat' dir='ltr'><strong>quia</strong></span> <span class='ocrx_word' id='word_1_335' title='bbox 2135 3830 2245 3883; x_wconf 84' lang='lat' dir='ltr'><strong>textus</strong></span> 
     </span>
     <span class='ocr_line' id='line_1_29' title="bbox 577 3928 2245 4019; baseline 0.002 -24"><span class='ocrx_word' id='word_1_336' title='bbox 577 3931 657 3996; x_wconf 87' lang='lat' dir='ltr'><strong>dicit</strong></span> <span class='ocrx_word' id='word_1_337' title='bbox 671 3933 711 4007; x_wconf 67' lang='grc' dir='ltr'><strong>Μ)</strong></span> <span class='ocrx_word' id='word_1_338' title='bbox 733 3953 805 3995; x_wconf 90' lang='lat' dir='ltr'><strong>eum</strong></span> <span class='ocrx_word' id='word_1_339' title='bbox 829 3928 987 4016; x_wconf 84' lang='lat' dir='ltr'><strong>sepultum</strong></span> <span class='ocrx_word' id='word_1_340' title='bbox 1010 3930 1044 3993; x_wconf 92' lang='lat' dir='ltr'><strong>in</strong></span> <span class='ocrx_word' id='word_1_341' title='bbox 1068 3928 1339 4012; x_wconf 85' lang='lat' dir='ltr'><strong>Thamnathsare,</strong></span> <span class='ocrx_word' id='word_1_342' title='bbox 1360 3953 1422 4016; x_wconf 92' lang='lat' dir='ltr'><strong>que</strong></span> <span class='ocrx_word' id='word_1_343' title='bbox 1442 3941 1491 3996; x_wconf 85' lang='lat' dir='ltr'><strong>est</strong></span> <span class='ocrx_word' id='word_1_344' title='bbox 1511 3933 1602 3995; x_wconf 87' lang='lat' dir='ltr'><strong>iuxta</strong></span> <span class='ocrx_word' id='word_1_345' title='bbox 1623 3931 1750 3995; x_wconf 83' lang='lat' dir='ltr'><strong>Sioheru</strong></span> <span class='ocrx_word' id='word_1_346' title='bbox 1773 3933 1806 3994; x_wconf 87' lang='lat' dir='ltr'><strong>iu</strong></span> <span class='ocrx_word' id='word_1_347' title='bbox 1828 3930 1930 3996; x_wconf 84' lang='lat' dir='ltr'><strong>latere</strong></span> <span class='ocrx_word' id='word_1_348' title='bbox 1950 3934 2069 3996; x_wconf 89' lang='lat' dir='ltr'><strong>montis</strong></span> <span class='ocrx_word' id='word_1_349' title='bbox 2088 3933 2245 4019; x_wconf 79' lang='lat' dir='ltr'><strong>Effraym.</strong></span> 
     </span>
    </p>
   </div>
   <div class='ocr_carea' id='block_1_3' title="bbox 477 4045 2244 4152">
    <p class='ocr_par' dir='ltr' id='par_1_8' title="bbox 477 4045 2244 4152">
     <span class='ocr_line' id='line_1_30' title="bbox 477 4045 2244 4152; baseline 0.001 -39"><span class='ocrx_word' id='word_1_350' title='bbox 477 4111 511 4152; x_wconf 42' lang='grc' dir='ltr'>χ</span> <span class='ocrx_word' id='word_1_351' title='bbox 575 4047 646 4132; x_wconf 85' lang='lat' dir='ltr'><strong>Ego</strong></span> <span class='ocrx_word' id='word_1_352' title='bbox 668 4049 780 4135; x_wconf 80' lang='lat' dir='ltr'><strong>pocius</strong></span> <span class='ocrx_word' id='word_1_353' title='bbox 803 4045 899 4110; x_wconf 87' lang='lat' dir='ltr'><strong>oredo</strong></span> <span class='ocrx_word' id='word_1_354' title='bbox 922 4045 1001 4110; x_wconf 89' lang='lat' dir='ltr'><strong>illud</strong></span> <span class='ocrx_word' id='word_1_355' title='bbox 1024 4069 1094 4110; x_wconf 88' lang='lat' dir='ltr'><strong>esse</strong></span> <span class='ocrx_word' id='word_1_356' title='bbox 1117 4045 1299 4132; x_wconf 90' lang='lat' dir='ltr'><strong>sepulcrum</strong></span> <span class='ocrx_word' id='word_1_357' title='bbox 1325 4045 1491 4124; x_wconf 70' lang='lat' dir='ltr'><strong>Chaunum</strong></span> <span class='ocrx_word' id='word_1_358' title='bbox 1513 4047 1571 4110; x_wconf 86' lang='lat' dir='ltr'><strong>filii</strong></span> <span class='ocrx_word' id='word_1_359' title='bbox 1594 4047 1717 4128; x_wconf 84' lang='lat' dir='ltr'><strong>Cham,</strong></span> <span class='ocrx_word' id='word_1_360' title='bbox 1739 4045 1796 4111; x_wconf 86' lang='lat' dir='ltr'><strong>lilii</strong></span> <span class='ocrx_word' id='word_1_361' title='bbox 1818 4047 1896 4128; x_wconf 86' lang='lat' dir='ltr'><strong>Noe,</strong></span> <span class='ocrx_word' id='word_1_362' title='bbox 1919 4046 1969 4112; x_wconf 87' lang='lat' dir='ltr'><strong>uel</strong></span> <span class='ocrx_word' id='word_1_363' title='bbox 1990 4047 2126 4114; x_wconf 85' lang='lat' dir='ltr'><strong>alicuius</strong></span> <span class='ocrx_word' id='word_1_364' title='bbox 2149 4049 2244 4131; x_wconf 56' lang='lat' dir='ltr'><strong>filiis)</strong></span> 
     </span>
    </p>
   </div>
   <div class='ocr_carea' id='block_1_4' title="bbox 522 4160 2242 4488">
    <p class='ocr_par' dir='ltr' id='par_1_9' title="bbox 522 4160 2242 4488">
     <span class='ocr_line' id='line_1_31' title="bbox 573 4160 2097 4249; baseline 0.001 -22"><span class='ocrx_word' id='word_1_365' title='bbox 573 4163 710 4228; x_wconf 86' lang='lat' dir='ltr'><strong>liliorum</strong></span> <span class='ocrx_word' id='word_1_366' title='bbox 732 4165 810 4245; x_wconf 90' lang='lat' dir='ltr'><strong>eius,</strong></span> <span class='ocrx_word' id='word_1_367' title='bbox 833 4163 889 4249; x_wconf 93' lang='lat' dir='ltr'><strong>qui</strong></span> <span class='ocrx_word' id='word_1_368' title='bbox 910 4161 953 4226; x_wconf 88' lang='lat' dir='ltr'><strong>ad</strong></span> <span class='ocrx_word' id='word_1_369' title='bbox 971 4160 1098 4226; x_wconf 83' lang='lat' dir='ltr'><strong>literam</strong></span> <span class='ocrx_word' id='word_1_370' title='bbox 1120 4164 1208 4226; x_wconf 87' lang='lat' dir='ltr'><strong>cirea</strong></span> <span class='ocrx_word' id='word_1_371' title='bbox 1230 4161 1302 4228; x_wconf 87' lang='lat' dir='ltr'><strong>loca</strong></span> <span class='ocrx_word' id='word_1_372' title='bbox 1325 4161 1383 4227; x_wconf 85' lang='lat' dir='ltr'><strong>illa</strong></span> <span class='ocrx_word' id='word_1_373' title='bbox 1402 4161 1568 4227; x_wconf 77' lang='lat' dir='ltr'><strong>habitasse</strong></span> <span class='ocrx_word' id='word_1_374' title='bbox 1587 4163 1782 4248; x_wconf 83' lang='lat' dir='ltr'><strong>probantur,</strong></span> <span class='ocrx_word' id='word_1_375' title='bbox 1802 4173 1839 4227; x_wconf 91' lang='lat' dir='ltr'><strong>ut</strong></span> <span class='ocrx_word' id='word_1_376' title='bbox 1858 4164 1944 4228; x_wconf 87' lang='lat' dir='ltr'><strong>infra</strong></span> <span class='ocrx_word' id='word_1_377' title='bbox 1964 4162 2097 4228; x_wconf 88' lang='lat' dir='ltr'><strong>dicetur.</strong></span> 
     </span>
     <span class='ocr_line' id='line_1_32' title="bbox 522 4277 2242 4365; baseline 0.001 -19"><span class='ocrx_word' id='word_1_378' title='bbox 522 4295 551 4346; x_wconf 82' lang='grc'><strong>11</strong></span> <span class='ocrx_word' id='word_1_379' title='bbox 696 4278 748 4343; x_wconf 90' lang='lat' dir='ltr'><strong>De</strong></span> <span class='ocrx_word' id='word_1_380' title='bbox 777 4278 931 4365; x_wconf 87' lang='lat' dir='ltr'><strong>spelunca</strong></span> <span class='ocrx_word' id='word_1_381' title='bbox 961 4280 1024 4342; x_wconf 88' lang='lat' dir='ltr'><strong>ista</strong></span> <span class='ocrx_word' id='word_1_382' title='bbox 1046 4277 1089 4342; x_wconf 88' lang='lat' dir='ltr'><strong>ad</strong></span> <span class='ocrx_word' id='word_1_383' title='bbox 1118 4288 1185 4342; x_wconf 90' lang='lat' dir='ltr'><strong>tres</strong></span> <span class='ocrx_word' id='word_1_384' title='bbox 1206 4277 1317 4343; x_wconf 88' lang='lat' dir='ltr'><strong>leucas</strong></span> <span class='ocrx_word' id='word_1_385' title='bbox 1339 4289 1452 4342; x_wconf 87' lang='lat' dir='ltr'><strong>contra</strong></span> <span class='ocrx_word' id='word_1_386' title='bbox 1473 4277 1657 4364; x_wconf 90' lang='lat' dir='ltr'><strong>aquilonem</strong></span> <span class='ocrx_word' id='word_1_387' title='bbox 1678 4281 1746 4344; x_wconf 76' lang='lat' dir='ltr'><strong>tere</strong></span> <span class='ocrx_word' id='word_1_388' title='bbox 1768 4289 1818 4344; x_wconf 88' lang='lat' dir='ltr'><strong>est</strong></span> <span class='ocrx_word' id='word_1_389' title='bbox 1836 4279 1910 4344; x_wconf 88' lang='lat' dir='ltr'><strong>finis</strong></span> <span class='ocrx_word' id='word_1_390' title='bbox 1931 4279 2113 4345; x_wconf 85' lang='lat' dir='ltr'><strong>Antilibaui</strong></span> <span class='ocrx_word' id='word_1_391' title='bbox 2134 4295 2167 4348; x_wconf 93' lang='lat' dir='ltr'><strong>et</strong></span> <span class='ocrx_word' id='word_1_392' title='bbox 2186 4285 2242 4350; x_wconf 88' lang='lat' dir='ltr'><strong>Li—</strong></span> 
     </span>
     <span class='ocr_line' id='line_1_33' title="bbox 572 4393 2242 4488; baseline 0 -30"><span class='ocrx_word' id='word_1_393' title='bbox 572 4393 684 4470; x_wconf 82' lang='lat' dir='ltr'><strong>bani¹)</strong></span> <span class='ocrx_word' id='word_1_394' title='bbox 708 4393 863 4458; x_wconf 88' lang='lat' dir='ltr'><strong>similiter.</strong></span> <span class='ocrx_word' id='word_1_395' title='bbox 895 4393 938 4457; x_wconf 86' lang='lat' dir='ltr'><strong>Et</strong></span> <span class='ocrx_word' id='word_1_396' title='bbox 960 4393 1014 4456; x_wconf 92' lang='lat' dir='ltr'><strong>ubi</strong></span> <span class='ocrx_word' id='word_1_397' title='bbox 1035 4404 1168 4478; x_wconf 90' lang='lat' dir='ltr'><strong>uterque</strong></span> <span class='ocrx_word' id='word_1_398' title='bbox 1189 4395 1390 4475; x_wconf 86' lang='lat' dir='ltr'><strong>terminatur,</strong></span> <span class='ocrx_word' id='word_1_399' title='bbox 1413 4393 1593 4458; x_wconf 86' lang='lat' dir='ltr'><strong>ostenditur</strong></span> <span class='ocrx_word' id='word_1_400' title='bbox 1611 4394 1708 4458; x_wconf 87' lang='lat' dir='ltr'><strong>hodie</strong></span> <span class='ocrx_word' id='word_1_401' title='bbox 1729 4406 1870 4460; x_wconf 88' lang='lat' dir='ltr'><strong>castrum</strong></span> <span class='ocrx_word' id='word_1_402' title='bbox 1891 4401 2030 4458; x_wconf 74' lang='lat' dir='ltr'><strong>Arachne</strong></span> <span class='ocrx_word' id='word_1_403' title='bbox 2038 4403 2071 4473; x_wconf 82' lang='lat'>¹¹¹)</span> <span class='ocrx_word' id='word_1_404' title='bbox 2085 4404 2137 4480; x_wconf 56' lang='lat' dir='ltr'><strong>lt),</strong></span> <span class='ocrx_word' id='word_1_405' title='bbox 2157 4402 2242 4488; x_wconf 84' lang='lat' dir='ltr'><strong>quod</strong></span> 
     </span>
    </p>
   </div>
   <div class='ocr_carea' id='block_1_5' title="bbox 638 4589 2243 4982">
    <p class='ocr_par' dir='ltr' id='par_1_10' title="bbox 638 4589 2243 4982">
     <span class='ocr_line' id='line_1_34' title="bbox 638 4589 2243 4663; baseline 0.004 -17"><span class='ocrx_word' id='word_1_406' title='bbox 638 4596 665 4662; x_wconf 84' lang='lat' dir='ltr'><strong>a)</strong></span> <span class='ocrx_word' id='word_1_407' title='bbox 683 4593 833 4646; x_wconf 81' lang='lat' dir='ltr'><strong>murraoite</strong></span> <span class='ocrx_word' id='word_1_408' title='bbox 850 4589 891 4648; x_wconf 89' lang='lat' dir='ltr'><strong>St.</strong></span> <span class='ocrx_word' id='word_1_409' title='bbox 909 4621 942 4630; x_wconf 95' lang='lat'>-</span> <span class='ocrx_word' id='word_1_410' title='bbox 962 4590 991 4661; x_wconf 88' lang='lat' dir='ltr'><strong>b)</strong></span> <span class='ocrx_word' id='word_1_411' title='bbox 1001 4591 1106 4658; x_wconf 66' lang='lat' dir='ltr'><strong>fiscale</strong></span> <span class='ocrx_word' id='word_1_412' title='bbox 1124 4589 1174 4656; x_wconf 80' lang='lat' dir='ltr'><strong>st,</strong></span> <span class='ocrx_word' id='word_1_413' title='bbox 1191 4592 1288 4646; x_wconf 78' lang='lat' dir='ltr'><strong>vicotris</strong></span> <span class='ocrx_word' id='word_1_414' title='bbox 1305 4591 1333 4646; x_wconf 90' lang='lat' dir='ltr'><strong>h.</strong></span> <span class='ocrx_word' id='word_1_415' title='bbox 1350 4624 1383 4632; x_wconf 90' lang='lat'><strong>—</strong></span> <span class='ocrx_word' id='word_1_416' title='bbox 1403 4594 1430 4663; x_wconf 91' lang='lat' dir='ltr'><strong>c)</strong></span> <span class='ocrx_word' id='word_1_417' title='bbox 1449 4591 1564 4645; x_wconf 72' lang='lat' dir='ltr'><strong>casellis</strong></span> <span class='ocrx_word' id='word_1_418' title='bbox 1583 4589 1622 4645; x_wconf 81' lang='lat' dir='ltr'><strong>St.</strong></span> <span class='ocrx_word' id='word_1_419' title='bbox 1646 4590 1777 4646; x_wconf 80' lang='lat' dir='ltr'><strong>Fortasse</strong></span> <span class='ocrx_word' id='word_1_420' title='bbox 1796 4592 1941 4662; x_wconf 81' lang='lat' dir='ltr'><strong>legendum</strong></span> <span class='ocrx_word' id='word_1_421' title='bbox 1959 4601 2017 4648; x_wconf 88' lang='lat' dir='ltr'><strong>est:</strong></span> <span class='ocrx_word' id='word_1_422' title='bbox 2037 4595 2196 4653; x_wconf 62' lang='lat' dir='ltr'><strong>capreae.</strong></span> <span class='ocrx_word' id='word_1_423' title='bbox 2208 4629 2243 4640; x_wconf 87' lang='lat'>-</span> 
     </span>
     <span class='ocr_line' id='line_1_35' title="bbox 705 4673 2241 4750; baseline -0.006 -19"><span class='ocrx_word' id='word_1_424' title='bbox 705 4677 734 4744; x_wconf 86' lang='lat' dir='ltr'><strong>d)</strong></span> <span class='ocrx_word' id='word_1_425' title='bbox 752 4676 929 4738; x_wconf 79' lang='lat' dir='ltr'><strong>mirabiliter,</strong></span> <span class='ocrx_word' id='word_1_426' title='bbox 948 4674 994 4729; x_wconf 87' lang='lat' dir='ltr'><strong>sed</strong></span> <span class='ocrx_word' id='word_1_427' title='bbox 1013 4675 1041 4728; x_wconf 91' lang='lat' dir='ltr'><strong>in</strong></span> <span class='ocrx_word' id='word_1_428' title='bbox 1060 4691 1146 4746; x_wconf 85' lang='lat' dir='ltr'><strong>marg.</strong></span> <span class='ocrx_word' id='word_1_429' title='bbox 1164 4675 1302 4729; x_wconf 74' lang='lat' dir='ltr'><strong>hurnilitc·</strong></span> <span class='ocrx_word' id='word_1_430' title='bbox 1319 4674 1359 4730; x_wconf 83' lang='lat' dir='ltr'><strong>st.</strong></span> <span class='ocrx_word' id='word_1_431' title='bbox 1372 4706 1405 4715; x_wconf 89' lang='lat'>-</span> <span class='ocrx_word' id='word_1_432' title='bbox 1423 4686 1449 4738; x_wconf 84' lang='lat' dir='ltr'><strong>e)</strong></span> <span class='ocrx_word' id='word_1_433' title='bbox 1470 4675 1533 4730; x_wconf 85' lang='lat' dir='ltr'><strong>loco</strong></span> <span class='ocrx_word' id='word_1_434' title='bbox 1550 4691 1603 4731; x_wconf 91' lang='lat' dir='ltr'><strong>om.</strong></span> <span class='ocrx_word' id='word_1_435' title='bbox 1623 4673 1669 4741; x_wconf 84' lang='lat' dir='ltr'><strong>St,</strong></span> <span class='ocrx_word' id='word_1_436' title='bbox 1688 4675 1772 4729; x_wconf 90' lang='lat' dir='ltr'><strong>habet</strong></span> <span class='ocrx_word' id='word_1_437' title='bbox 1783 4674 1809 4728; x_wconf 91' lang='lat' dir='ltr'><strong>h.</strong></span> <span class='ocrx_word' id='word_1_438' title='bbox 1823 4705 1856 4714; x_wconf 91' lang='lat'><em>-</em></span> <span class='ocrx_word' id='word_1_439' title='bbox 1872 4675 1901 4746; x_wconf 82' lang='lat' dir='ltr'><strong>f)</strong></span> <span class='ocrx_word' id='word_1_440' title='bbox 1921 4677 1997 4748; x_wconf 77' lang='lat' dir='ltr'><strong>ipsos</strong></span> <span class='ocrx_word' id='word_1_441' title='bbox 2011 4677 2061 4746; x_wconf 79' lang='lat' dir='ltr'><strong>St,</strong></span> <span class='ocrx_word' id='word_1_442' title='bbox 2079 4681 2156 4750; x_wconf 57' lang='lat' dir='ltr'><strong>ipsos</strong></span> <span class='ocrx_word' id='word_1_443' title='bbox 2168 4681 2194 4736; x_wconf 64' lang='lat' dir='ltr'><strong>h,</strong></span> <span class='ocrx_word' id='word_1_444' title='bbox 2206 4713 2241 4722; x_wconf 82' lang='lat'><strong>..</strong></span> 
     </span>
     <span class='ocr_line' id='line_1_36' title="bbox 703 4757 2240 4836; baseline 0.005 -23"><span class='ocrx_word' id='word_1_445' title='bbox 703 4763 733 4832; x_wconf 79' lang='lat' dir='ltr'><strong>g)</strong></span> <span class='ocrx_word' id='word_1_446' title='bbox 751 4761 780 4814; x_wconf 79' lang='lat' dir='ltr'><strong>in</strong></span> <span class='ocrx_word' id='word_1_447' title='bbox 797 4777 848 4816; x_wconf 90' lang='lat' dir='ltr'><strong>om.</strong></span> <span class='ocrx_word' id='word_1_448' title='bbox 867 4757 907 4816; x_wconf 88' lang='lat' dir='ltr'><strong>St.</strong></span> <span class='ocrx_word' id='word_1_449' title='bbox 945 4757 1025 4823; x_wconf 84' lang='lat' dir='ltr'><strong>Quod</strong></span> <span class='ocrx_word' id='word_1_450' title='bbox 1049 4758 1226 4814; x_wconf 86' lang='lat' dir='ltr'><strong>restituimus.</strong></span> <span class='ocrx_word' id='word_1_451' title='bbox 1251 4791 1278 4798; x_wconf 91' lang='lat'><em>-</em></span> <span class='ocrx_word' id='word_1_452' title='bbox 1305 4757 1335 4826; x_wconf 89' lang='lat' dir='ltr'><strong>h)</strong></span> <span class='ocrx_word' id='word_1_453' title='bbox 1352 4759 1387 4812; x_wconf 84' lang='lat' dir='ltr'><strong>In</strong></span> <span class='ocrx_word' id='word_1_454' title='bbox 1410 4759 1490 4812; x_wconf 76' lang='lat' dir='ltr'><strong>haias</strong></span> <span class='ocrx_word' id='word_1_455' title='bbox 1510 4759 1593 4828; x_wconf 73' lang='lat' dir='ltr'><strong>pedis</strong></span> <span class='ocrx_word' id='word_1_456' title='bbox 1614 4758 1742 4827; x_wconf 78' lang='lat' dir='ltr'><strong>aquilom&#39;</strong></span> <span class='ocrx_word' id='word_1_457' title='bbox 1758 4757 1798 4812; x_wconf 87' lang='lat' dir='ltr'><strong>St.</strong></span> <span class='ocrx_word' id='word_1_458' title='bbox 1822 4789 1854 4798; x_wconf 90' lang='lat'>-</span> <span class='ocrx_word' id='word_1_459' title='bbox 1881 4759 1901 4829; x_wconf 87' lang='lat' dir='ltr'><strong>i)</strong></span> <span class='ocrx_word' id='word_1_460' title='bbox 1920 4759 2033 4816; x_wconf 89' lang='lat' dir='ltr'><strong>Numeri</strong></span> <span class='ocrx_word' id='word_1_461' title='bbox 2050 4763 2109 4817; x_wconf 86' lang='lat' dir='ltr'><strong>XII</strong></span> <span class='ocrx_word' id='word_1_462' title='bbox 2131 4766 2240 4836; x_wconf 79' lang='lat' dir='ltr'><strong>signum</strong></span> 
     </span>
     <span class='ocr_line' id='line_1_37' title="bbox 704 4839 2241 4916; baseline -0.003 -18"><span class='ocrx_word' id='word_1_463' title='bbox 704 4861 756 4898; x_wconf 90' lang='lat' dir='ltr'><strong>om.</strong></span> <span class='ocrx_word' id='word_1_464' title='bbox 775 4845 824 4910; x_wconf 82' lang='lat' dir='ltr'><strong>St,</strong></span> <span class='ocrx_word' id='word_1_465' title='bbox 840 4841 924 4898; x_wconf 85' lang='lat' dir='ltr'><strong>habet</strong></span> <span class='ocrx_word' id='word_1_466' title='bbox 941 4840 967 4896; x_wconf 91' lang='lat' dir='ltr'><strong>h.</strong></span> <span class='ocrx_word' id='word_1_467' title='bbox 985 4871 1011 4880; x_wconf 91' lang='lat'>-</span> <span class='ocrx_word' id='word_1_468' title='bbox 1036 4840 1066 4914; x_wconf 75' lang='lat' dir='ltr'><strong>lu)</strong></span> <span class='ocrx_word' id='word_1_469' title='bbox 1078 4841 1172 4908; x_wconf 77' lang='lat' dir='ltr'><strong>filium</strong></span> <span class='ocrx_word' id='word_1_470' title='bbox 1190 4840 1308 4896; x_wconf 87' lang='lat' dir='ltr'><strong>liliorum</strong></span> <span class='ocrx_word' id='word_1_471' title='bbox 1326 4842 1365 4897; x_wconf 79' lang='lat' dir='ltr'><strong>st</strong></span> <span class='ocrx_word' id='word_1_472' title='bbox 1376 4841 1439 4910; x_wconf 71' lang='lat' dir='ltr'><strong>fitis·</strong></span> <span class='ocrx_word' id='word_1_473' title='bbox 1455 4839 1493 4896; x_wconf 86' lang='lat' dir='ltr'><strong>lil.</strong></span> <span class='ocrx_word' id='word_1_474' title='bbox 1511 4839 1538 4896; x_wconf 86' lang='lat' dir='ltr'><strong>b.</strong></span> <span class='ocrx_word' id='word_1_475' title='bbox 1557 4871 1590 4879; x_wconf 90' lang='lat'><em>-</em></span> <span class='ocrx_word' id='word_1_476' title='bbox 1612 4840 1632 4907; x_wconf 93' lang='lat' dir='ltr'><strong>l)</strong></span> <span class='ocrx_word' id='word_1_477' title='bbox 1652 4841 1783 4908; x_wconf 77' lang='lat' dir='ltr'><strong>elaphum</strong></span> <span class='ocrx_word' id='word_1_478' title='bbox 1803 4839 1841 4896; x_wconf 82' lang='lat' dir='ltr'><strong>st.</strong></span> <span class='ocrx_word' id='word_1_479' title='bbox 1860 4850 1886 4897; x_wconf 79' lang='lat' dir='ltr'><strong>et</strong></span> <span class='ocrx_word' id='word_1_480' title='bbox 1902 4843 2015 4913; x_wconf 50' lang='lat' dir='ltr'><strong>[sybam</strong></span> <span class='ocrx_word' id='word_1_481' title='bbox 2030 4845 2056 4900; x_wconf 90' lang='lat' dir='ltr'><strong>h.</strong></span> <span class='ocrx_word' id='word_1_482' title='bbox 2073 4878 2107 4886; x_wconf 93' lang='lat'><strong>—</strong></span> <span class='ocrx_word' id='word_1_483' title='bbox 2129 4853 2167 4916; x_wconf 83' lang='lat' dir='ltr'><strong>m)</strong></span> <span class='ocrx_word' id='word_1_484' title='bbox 2186 4851 2241 4903; x_wconf 65' lang='lat' dir='ltr'><strong>Af.</strong></span> 
     </span>
     <span class='ocr_line' id='line_1_38' title="bbox 705 4928 826 4982; baseline 0 0"><span class='ocrx_word' id='word_1_485' title='bbox 705 4929 769 4982; x_wconf 73' lang='lat' dir='ltr'><strong>claras</strong></span> <span class='ocrx_word' id='word_1_486' title='bbox 787 4928 826 4982; x_wconf 85' lang='lat' dir='ltr'><strong>st.</strong></span> 
     </span>
    </p>
   </div>
   <div class='ocr_carea' id='block_1_6' title="bbox 543 5108 2242 5976">
    <p class='ocr_par' dir='ltr' id='par_1_11' title="bbox 543 5108 2242 5976">
     <span class='ocr_line' id='line_1_39' title="bbox 631 5108 1903 5194; baseline 0.001 -20"><span class='ocrx_word' id='word_1_487' title='bbox 631 5118 680 5188; x_wconf 94' lang='grc'><strong>81)</strong></span> <span class='ocrx_word' id='word_1_488' title='bbox 707 5115 847 5193; x_wconf 82' lang='lat' dir='ltr'><strong>Tripolis]</strong></span> <span class='ocrx_word' id='word_1_489' title='bbox 878 5114 1009 5194; x_wconf 85' lang='lat' dir='ltr'><strong>Tripolis</strong></span> <span class='ocrx_word' id='word_1_490' title='bbox 1036 5133 1055 5171; x_wconf 88' lang='lat' dir='ltr'><strong>a</strong></span> <span class='ocrx_word' id='word_1_491' title='bbox 1085 5112 1197 5170; x_wconf 82' lang='lat' dir='ltr'><strong>Batrrin</strong></span> <span class='ocrx_word' id='word_1_492' title='bbox 1219 5111 1302 5172; x_wconf 85' lang='lat' dir='ltr'><strong>abest</strong></span> <span class='ocrx_word' id='word_1_493' title='bbox 1324 5108 1381 5192; x_wconf 78' lang='lat' dir='ltr'><strong>4¹l2</strong></span> <span class='ocrx_word' id='word_1_494' title='bbox 1489 5116 1540 5188; x_wconf 82' lang='grc'><strong>84)</strong></span> <span class='ocrx_word' id='word_1_495' title='bbox 1563 5114 1594 5170; x_wconf 81' lang='lat' dir='ltr'><strong>in</strong></span> <span class='ocrx_word' id='word_1_496' title='bbox 1617 5113 1758 5189; x_wconf 82' lang='lat' dir='ltr'><strong>Conticis]</strong></span> <span class='ocrx_word' id='word_1_497' title='bbox 1780 5113 1833 5175; x_wconf 90' lang='lat' dir='ltr'><strong>lV.</strong></span> <span class='ocrx_word' id='word_1_498' title='bbox 1858 5121 1903 5175; x_wconf 85' lang='lat'><strong>15.</strong></span> 
     </span>
     <span class='ocr_line' id='line_1_40' title="bbox 569 5211 2242 5296; baseline 0.007 -27"><span class='ocrx_word' id='word_1_499' title='bbox 569 5211 664 5274; x_wconf 87' lang='lat' dir='ltr'><strong>boras.</strong></span> <span class='ocrx_word' id='word_1_500' title='bbox 707 5212 743 5274; x_wconf 89' lang='lat' dir='ltr'><strong>V.</strong></span> <span class='ocrx_word' id='word_1_501' title='bbox 764 5214 858 5275; x_wconf 88' lang='lat' dir='ltr'><strong>Ritter</strong></span> <span class='ocrx_word' id='word_1_502' title='bbox 876 5211 970 5273; x_wconf 84' lang='lat' dir='ltr'>XVII</span> <span class='ocrx_word' id='word_1_503' title='bbox 992 5211 1043 5284; x_wconf 87' lang='grc'>(1).</span> <span class='ocrx_word' id='word_1_504' title='bbox 1067 5214 1134 5271; x_wconf 84' lang='grc'>588.</span> <span class='ocrx_word' id='word_1_505' title='bbox 1490 5217 1541 5285; x_wconf 83' lang='grc'><strong>85)</strong></span> <span class='ocrx_word' id='word_1_506' title='bbox 1564 5213 1595 5270; x_wconf 80' lang='lat' dir='ltr'><strong>ia</strong></span> <span class='ocrx_word' id='word_1_507' title='bbox 1615 5212 1770 5286; x_wconf 69' lang='lat' dir='ltr'><strong>Herum]</strong></span> <span class='ocrx_word' id='word_1_508' title='bbox 1792 5212 1847 5271; x_wconf 86' lang='lat' dir='ltr'><strong>IX.</strong></span> <span class='ocrx_word' id='word_1_509' title='bbox 1871 5217 1898 5274; x_wconf 84' lang='lat'><strong>3.</strong></span> <span class='ocrx_word' id='word_1_510' title='bbox 1917 5214 1974 5276; x_wconf 87' lang='lat' dir='ltr'><strong>XI.</strong></span> <span class='ocrx_word' id='word_1_511' title='bbox 2001 5225 2036 5277; x_wconf 90' lang='lat'><strong>10</strong></span> <span class='ocrx_word' id='word_1_512' title='bbox 2058 5217 2242 5296; x_wconf 69' lang='lat' dir='ltr'><strong>inVulgata</strong></span> 
     </span>
     <span class='ocr_line' id='line_1_41' title="bbox 632 5308 2239 5388; baseline 0.005 -17"><span class='ocrx_word' id='word_1_513' title='bbox 632 5314 683 5384; x_wconf 90' lang='grc'><strong>82)</strong></span> <span class='ocrx_word' id='word_1_514' title='bbox 705 5312 808 5370; x_wconf 82' lang='lat' dir='ltr'><strong>nobilis</strong></span> <span class='ocrx_word' id='word_1_515' title='bbox 831 5313 927 5388; x_wconf 74' lang='lat' dir='ltr'><strong>scolda]</strong></span> <span class='ocrx_word' id='word_1_516' title='bbox 962 5309 1008 5368; x_wconf 92' lang='lat' dir='ltr'><strong>De</strong></span> <span class='ocrx_word' id='word_1_517' title='bbox 1036 5317 1096 5369; x_wconf 89' lang='lat' dir='ltr'><strong>toto</strong></span> <span class='ocrx_word' id='word_1_518' title='bbox 1126 5308 1269 5367; x_wconf 91' lang='lat' dir='ltr'><strong>hocloco</strong></span> <span class='ocrx_word' id='word_1_519' title='bbox 1293 5329 1385 5388; x_wconf 86' lang='lat' dir='ltr'><strong>usque</strong></span> <span class='ocrx_word' id='word_1_520' title='bbox 1489 5315 1539 5382; x_wconf 88' lang='grc'><strong>86)</strong></span> <span class='ocrx_word' id='word_1_521' title='bbox 1560 5330 1643 5369; x_wconf 83' lang='lat' dir='ltr'><strong>mons</strong></span> <span class='ocrx_word' id='word_1_522' title='bbox 1667 5313 1885 5388; x_wconf 82' lang='lat' dir='ltr'><strong>leopardorum]</strong></span> <span class='ocrx_word' id='word_1_523' title='bbox 1908 5313 1995 5374; x_wconf 86' lang='lat' dir='ltr'><strong>Nunc</strong></span> <span class='ocrx_word' id='word_1_524' title='bbox 2010 5314 2239 5379; x_wconf 87' lang='lat' dir='ltr'><strong>diciturDsche·</strong></span> 
     </span>
     <span class='ocr_line' id='line_1_42' title="bbox 568 5407 2242 5493; baseline 0.005 -25"><span class='ocrx_word' id='word_1_525' title='bbox 568 5409 607 5468; x_wconf 87' lang='lat' dir='ltr'><strong>ad</strong></span> <span class='ocrx_word' id='word_1_526' title='bbox 629 5409 648 5486; x_wconf 66' lang='grc' dir='ltr'>ξ</span> <span class='ocrx_word' id='word_1_527' title='bbox 673 5414 707 5470; x_wconf 83' lang='lat'><strong>21</strong></span> <span class='ocrx_word' id='word_1_528' title='bbox 732 5411 823 5470; x_wconf 84' lang='lat' dir='ltr'><strong>fusius</strong></span> <span class='ocrx_word' id='word_1_529' title='bbox 845 5411 966 5490; x_wconf 86' lang='lat' dir='ltr'><strong>exponit</strong></span> <span class='ocrx_word' id='word_1_530' title='bbox 986 5409 1080 5468; x_wconf 87' lang='lat' dir='ltr'><strong>Ritter</strong></span> <span class='ocrx_word' id='word_1_531' title='bbox 1099 5407 1193 5467; x_wconf 89' lang='lat' dir='ltr'>XVII</span> <span class='ocrx_word' id='word_1_532' title='bbox 1215 5409 1267 5482; x_wconf 83' lang='lat'><strong>(1).</strong></span> <span class='ocrx_word' id='word_1_533' title='bbox 1289 5411 1358 5468; x_wconf 80' lang='lat'><strong>609.</strong></span> <span class='ocrx_word' id='word_1_534' title='bbox 1426 5407 1475 5467; x_wconf 92' lang='lat' dir='ltr'><strong>bel</strong></span> <span class='ocrx_word' id='word_1_535' title='bbox 1491 5409 1616 5470; x_wconf 89' lang='lat' dir='ltr'><strong>Turbul.</strong></span> <span class='ocrx_word' id='word_1_536' title='bbox 1646 5409 1714 5470; x_wconf 88' lang='lat' dir='ltr'><strong>Vid.</strong></span> <span class='ocrx_word' id='word_1_537' title='bbox 1738 5409 1891 5469; x_wconf 89' lang='lat' dir='ltr'><strong>Robinson</strong></span> <span class='ocrx_word' id='word_1_538' title='bbox 1905 5413 1942 5472; x_wconf 88' lang='lat' dir='ltr'><strong>N.</strong></span> <span class='ocrx_word' id='word_1_539' title='bbox 1959 5413 1993 5476; x_wconf 75' lang='lat' dir='ltr'><strong>F.</strong></span> <span class='ocrx_word' id='word_1_540' title='bbox 2007 5435 2035 5493; x_wconf 89' lang='lat' dir='ltr'><strong>p.</strong></span> <span class='ocrx_word' id='word_1_541' title='bbox 2054 5421 2120 5476; x_wconf 86' lang='grc'>760,</span> <span class='ocrx_word' id='word_1_542' title='bbox 2145 5417 2242 5476; x_wconf 84' lang='lat' dir='ltr'><strong>Ritter</strong></span> 
     </span>
     <span class='ocr_line' id='line_1_43' title="bbox 631 5505 1683 5589; baseline -0.001 -19"><span class='ocrx_word' id='word_1_543' title='bbox 631 5512 680 5582; x_wconf 89' lang='grc'><strong>83)</strong></span> <span class='ocrx_word' id='word_1_544' title='bbox 696 5511 771 5580; x_wconf 84' lang='lat' dir='ltr'><strong>sons</strong></span> <span class='ocrx_word' id='word_1_545' title='bbox 793 5510 932 5585; x_wconf 83' lang='lat' dir='ltr'><strong>ortorum]</strong></span> <span class='ocrx_word' id='word_1_546' title='bbox 956 5509 1052 5589; x_wconf 88' lang='lat' dir='ltr'><strong>Prope</strong></span> <span class='ocrx_word' id='word_1_547' title='bbox 1075 5508 1219 5588; x_wconf 78' lang='lat' dir='ltr'><strong>TripolIm</strong></span> <span class='ocrx_word' id='word_1_548' title='bbox 1242 5514 1286 5566; x_wconf 88' lang='lat' dir='ltr'><strong>est</strong></span> <span class='ocrx_word' id='word_1_549' title='bbox 1300 5505 1384 5564; x_wconf 88' lang='lat' dir='ltr'><strong>Nahr</strong></span> <span class='ocrx_word' id='word_1_550' title='bbox 1425 5505 1519 5566; x_wconf 91' lang='lat' dir='ltr'>XVII</span> <span class='ocrx_word' id='word_1_551' title='bbox 1540 5509 1591 5580; x_wconf 90' lang='lat' dir='ltr'><strong>(l).</strong></span> <span class='ocrx_word' id='word_1_552' title='bbox 1616 5514 1683 5569; x_wconf 85' lang='grc'>610.</span> 
     </span>
     <span class='ocr_line' id='line_1_44' title="bbox 543 5605 1951 5684; baseline 0.002 -16"><span class='ocrx_word' id='word_1_553' title='bbox 543 5605 546 5614; x_wconf 73' lang='grc'><em>’</em></span> <span class='ocrx_word' id='word_1_554' title='bbox 567 5607 637 5668; x_wconf 83' lang='lat' dir='ltr'><strong>Abu</strong></span> <span class='ocrx_word' id='word_1_555' title='bbox 659 5607 717 5678; x_wconf 85' lang='lat' dir='ltr'><strong>Ali,</strong></span> <span class='ocrx_word' id='word_1_556' title='bbox 738 5607 1004 5668; x_wconf 86' lang='lat' dir='ltr'><strong>NehrKadiscbah</strong></span> <span class='ocrx_word' id='word_1_557' title='bbox 1017 5611 1046 5678; x_wconf 82' lang='lat' dir='ltr'><strong>(i.</strong></span> <span class='ocrx_word' id='word_1_558' title='bbox 1062 5629 1086 5672; x_wconf 84' lang='lat' dir='ltr'><strong>e,</strong></span> <span class='ocrx_word' id='word_1_559' title='bbox 1103 5609 1211 5668; x_wconf 86' lang='lat' dir='ltr'><strong>llumen</strong></span> <span class='ocrx_word' id='word_1_560' title='bbox 1227 5609 1381 5680; x_wconf 81' lang='lat' dir='ltr'><strong>sanctum).</strong></span> <span class='ocrx_word' id='word_1_561' title='bbox 1488 5611 1538 5680; x_wconf 85' lang='grc'><strong>87)</strong></span> <span class='ocrx_word' id='word_1_562' title='bbox 1561 5615 1657 5665; x_wconf 70' lang='lat' dir='ltr'><strong>textus</strong></span> <span class='ocrx_word' id='word_1_563' title='bbox 1675 5609 1755 5684; x_wconf 77' lang='lat' dir='ltr'><strong>dicit]</strong></span> <span class='ocrx_word' id='word_1_564' title='bbox 1778 5609 1841 5669; x_wconf 91' lang='lat' dir='ltr'><strong>lud.</strong></span> <span class='ocrx_word' id='word_1_565' title='bbox 1862 5609 1901 5667; x_wconf 86' lang='grc' dir='ltr'><strong>ΙΙ.</strong></span> <span class='ocrx_word' id='word_1_566' title='bbox 1924 5617 1951 5671; x_wconf 88' lang='grc'><strong>9.</strong></span> 
     </span>
     <span class='ocr_line' id='line_1_45' title="bbox 568 5705 2242 5788; baseline 0.004 -22"><span class='ocrx_word' id='word_1_567' title='bbox 568 5705 629 5767; x_wconf 82' lang='lat' dir='ltr'><strong>Sed</strong></span> <span class='ocrx_word' id='word_1_568' title='bbox 656 5708 681 5766; x_wconf 88' lang='lat' dir='ltr'><strong>is</strong></span> <span class='ocrx_word' id='word_1_569' title='bbox 709 5727 768 5765; x_wconf 91' lang='lat' dir='ltr'><strong>non</strong></span> <span class='ocrx_word' id='word_1_570' title='bbox 797 5715 842 5765; x_wconf 89' lang='lat' dir='ltr'><strong>est</strong></span> <span class='ocrx_word' id='word_1_571' title='bbox 862 5706 928 5764; x_wconf 83' lang='lat' dir='ltr'><strong>fons</strong></span> <span class='ocrx_word' id='word_1_572' title='bbox 950 5706 1111 5780; x_wconf 89' lang='lat' dir='ltr'><strong>hortorum,</strong></span> <span class='ocrx_word' id='word_1_573' title='bbox 1138 5708 1186 5787; x_wconf 88' lang='lat' dir='ltr'><strong>qui</strong></span> <span class='ocrx_word' id='word_1_574' title='bbox 1208 5716 1383 5766; x_wconf 88' lang='lat' dir='ltr'><strong>memoratur</strong></span> <span class='ocrx_word' id='word_1_575' title='bbox 1487 5709 1538 5778; x_wconf 88' lang='grc'><strong>88)</strong></span> <span class='ocrx_word' id='word_1_576' title='bbox 1559 5707 1705 5781; x_wconf 78' lang='lat' dir='ltr'><strong>Arcelaa]</strong></span> <span class='ocrx_word' id='word_1_577' title='bbox 1728 5710 1850 5788; x_wconf 86' lang='lat' dir='ltr'><strong>antiqua</strong></span> <span class='ocrx_word' id='word_1_578' title='bbox 1871 5707 1961 5780; x_wconf 78' lang='lat' dir='ltr'><strong>Erek,</strong></span> <span class='ocrx_word' id='word_1_579' title='bbox 1985 5709 2062 5770; x_wconf 81' lang='lat' dir='ltr'><strong>Arca</strong></span> <span class='ocrx_word' id='word_1_580' title='bbox 2084 5710 2242 5786; x_wconf 84' lang='lat' dir='ltr'><strong>Caesarea,</strong></span> 
     </span>
     <span class='ocr_line' id='line_1_46' title="bbox 566 5803 2239 5881; baseline 0.004 -17"><span class='ocrx_word' id='word_1_581' title='bbox 566 5806 753 5879; x_wconf 81' lang='lat' dir='ltr'><strong>inCanticis3</strong></span> <span class='ocrx_word' id='word_1_582' title='bbox 775 5804 1057 5867; x_wconf 78' lang='lat' dir='ltr'><strong>erratllurchardus.</strong></span> <span class='ocrx_word' id='word_1_583' title='bbox 1086 5807 1153 5868; x_wconf 91' lang='lat' dir='ltr'><strong>Vid.</strong></span> <span class='ocrx_word' id='word_1_584' title='bbox 1175 5806 1381 5866; x_wconf 87' lang='lat' dir='ltr'><strong>Wilbrandum</strong></span> <span class='ocrx_word' id='word_1_585' title='bbox 1423 5824 1525 5863; x_wconf 87' lang='lat' dir='ltr'><strong>recens</strong></span> <span class='ocrx_word' id='word_1_586' title='bbox 1547 5803 1648 5864; x_wconf 78' lang='lat' dir='ltr'><strong>’Arka</strong></span> <span class='ocrx_word' id='word_1_587' title='bbox 1686 5805 1742 5864; x_wconf 88' lang='lat' dir='ltr'><strong>llic</strong></span> <span class='ocrx_word' id='word_1_588' title='bbox 1754 5806 1883 5866; x_wconf 86' lang='lat' dir='ltr'><strong>Ritterus</strong></span> <span class='ocrx_word' id='word_1_589' title='bbox 1903 5805 1996 5866; x_wconf 88' lang='lat' dir='ltr'>XVII</span> <span class='ocrx_word' id='word_1_590' title='bbox 2019 5811 2028 5879; x_wconf 66' lang='grc' dir='ltr'><em>ζ</em></span> <span class='ocrx_word' id='word_1_591' title='bbox 2034 5814 2061 5881; x_wconf 98' lang='grc'><strong>1)</strong></span> <span class='ocrx_word' id='word_1_592' title='bbox 2091 5815 2149 5871; x_wconf 86' lang='grc'><strong>610</strong></span> <span class='ocrx_word' id='word_1_593' title='bbox 2172 5831 2239 5870; x_wconf 89' lang='lat' dir='ltr'><strong>auc·</strong></span> 
     </span>
     <span class='ocr_line' id='line_1_47' title="bbox 565 5904 1835 5976; baseline 0.002 -14"><span class='ocrx_word' id='word_1_594' title='bbox 565 5905 588 5976; x_wconf 79' lang='grc' dir='ltr'><strong>Ι,</strong></span> <span class='ocrx_word' id='word_1_595' title='bbox 613 5910 638 5966; x_wconf 89' lang='lat'><strong>8.</strong></span> <span class='ocrx_word' id='word_1_596' title='bbox 665 5909 709 5966; x_wconf 83' lang='lat'><strong>12.</strong></span> <span class='ocrx_word' id='word_1_597' title='bbox 1423 5913 1515 5962; x_wconf 87' lang='lat' dir='ltr'><strong>torem</strong></span> <span class='ocrx_word' id='word_1_598' title='bbox 1538 5904 1606 5962; x_wconf 84' lang='lat' dir='ltr'><strong>citat</strong></span> <span class='ocrx_word' id='word_1_599' title='bbox 1627 5904 1835 5966; x_wconf 86' lang='lat' dir='ltr'><strong>Burchardum.</strong></span> 
     </span>
    </p>
   </div>
   <div class='ocr_carea' id='block_1_7' title="bbox 0 0 2646 7042">
    <p class='ocr_par' dir='ltr' id='par_1_12' title="bbox 0 0 2646 7042">
     <span class='ocr_line' id='line_1_48' title="bbox 0 0 2646 7042; baseline 0 3"><span class='ocrx_word' id='word_1_600' title='bbox 0 0 2646 7042; x_wconf 95' lang='lat' dir='ltr'><strong> </strong></span> 
     </span>
    </p>
   </div>
  </div>
 </body>
</html>
