5284 7042
1420 721 1458 780 54

602 899 826 966 sustentabant
861 895 988 984 palacia
1021 907 1051 960 et
1082 895 1347 961 deambulatoria.
1398 895 1443 959 m
1468 896 1502 960 in
1530 897 1666 962 circuitu
1695 898 1813 962 montis
1843 897 1928 962 iufra
1957 899 2017 964 sub
2044 901 2136 986 regia
2159 913 2190 966 et
2211 901 2271 966 sub

602 1015 823 1080 mansionibus
845 1012 1000 1078 nobilium
1023 1014 1057 1076 in
1077 1011 1158 1094 loco,
1179 1012 1235 1077 ubi
1259 1023 1329 1076 erat
1349 1010 1457 1097 platea
1479 1013 1656 1078 communis
1678 1014 1748 1078 siue
1768 1014 1871 1078 lorum
1893 1035 2001 1080 rerum
2024 1016 2196 1096 uenalium,
2215 1017 2272 1080 ad·

601 1132 662 1196 huc
682 1131 750 1195 fere
772 1151 830 1216 per
852 1139 955 1194 totum
978 1129 1144 1192 circuitum
1164 1129 1282 1192 montis
1303 1129 1511 1191 inueniuntur
1532 1127 1703 1214 columpne
1724 1151 1903 1193 marmoree
1924 1141 2047 1196 stantes
2068 1133 2271 1208 intrinsecus,

601 1269 663 1334 que
695 1244 903 1312 continebant
929 1241 1107 1308 testudines
1133 1241 1331 1331 platearum,
1362 1244 1439 1328 quia
1469 1241 1576 1328 platee
1605 1246 1747 1308 ciuitatis
1769 1244 1963 1308 testudinate
1986 1259 2079 1312 eraut
2098 1246 2271 1312 secuudum

601 1385 723 1427 morem
745 1373 830 1425 terre
851 1375 969 1426 sancte.
1014 1360 1162 1424 Breuiter
1185 1358 1269 1438 dico,
1294 1358 1381 1445 quod
1403 1360 1592 1443 magistron
1615 1370 1721 1445 potest
1743 1359 1808 1423 diei
1828 1359 1868 1424 de
1890 1361 2021 1426 ciuitate
2041 1364 2122 1444 ista,
2148 1385 2212 1449 que
2230 1361 2271 1428 ad

600 1489 724 1542 tautam
746 1479 910 1542 miseriam
934 1499 1019 1542 nunc
1039 1475 1183 1557 deuenit,
1217 1487 1251 1538 ut
1273 1477 1321 1538 rei
1342 1475 1480 1538 ueritate
1502 1476 1544 1538 sit
1563 1487 1652 1538 ortus
1673 1473 1817 1556 olerum,
1849 1477 1930 1540 sieut
1949 1475 2082 1558 Achab,
2113 1501 2173 1543 rex
2195 1485 2271 1555 eim,

604 1595 713 1658 lacere
736 1591 840 1658 uoluit
859 1593 899 1658 de
920 1595 1014 1658 uinea
1036 1591 1166 1657 Naboth
1186 1589 1383 1659 Iesrahelite.
1406 1613 1443 1653 eo
1466 1589 1551 1674 quod
1574 1603 1658 1654 esset
1681 1612 1783 1677 prope
1806 1590 1935 1656 doraum
1957 1615 2059 1657 suam.
2094 1594 2139 1658 Ilt
2160 1616 2272 1658 reuera

603 1715 718 1786 aanor)
740 1711 824 1774 iusto
840 1708 905 1772 Dei
927 1708 1046 1774 iudicio
1066 1731 1129 1773 non
1153 1707 1253 1772 solum
1276 1709 1371 1770 uinea
1393 1708 1477 1792 ipsa,
1498 1705 1555 1770 sed
1576 1722 1609 1768 et
1631 1705 1791 1791 palacium
1811 1708 1916 1791 ipsum
1940 1709 2027 1793 regis
2049 1723 2097 1773 est
2119 1711 2152 1772 in
2168 1722 2270 1774 ortum

602 1823 724 1889 olerum
754 1835 990 1889 commutatum.
1036 1823 1122 1888 Situs
1151 1823 1244 1888 buius
1268 1823 1409 1886 ciuitatis
1431 1820 1526 1884 ualde
1547 1819 1680 1906 pulcher
1701 1835 1785 1899 erat3
1810 1835 1879 1885 erat
1907 1824 1991 1888 enim
2018 1823 2094 1888 inde
2120 1845 2270 1910 prospec-

601 1953 652 2004 tus
685 1963 786 2028 usque
819 1940 862 2004 ad
890 1962 978 2004 mare
1000 1941 1117 2026 loppes
1154 1949 1185 2003 et
1206 1936 1449 2023 Antipatridam
1479 1949 1510 2000 et
1532 1937 1705 2002 Cesaream
1725 1936 1903 2016 Petamne,
1938 1959 1996 2024 per
2024 1949 2124 2004 totum
2147 1961 2271 2025 quoque

601 2065 739 2119 montem
768 2055 915 2142 Effraym
945 2079 1045 2142 usque
1075 2053 1291 2140 Ramathaym
1314 2053 1449 2138 Sophim
1476 2052 1573 2116 etad
1602 2051 1783 2119 Carmelum
1812 2054 1910 2117 maris
1942 2056 2035 2120 iuxta
2061 2055 2179 2120 Areon.
2230 2054 2272 2120 Et

602 2169 769 2234 habundat
792 2171 935 2236 fontibus
960 2181 990 2236 et
1010 2173 1088 2236 ortis
1110 2182 1140 2235 et
1164 2169 1288 2234 oliuctis
1311 2179 1342 2232 et
1365 2169 1458 2233 bouis
1479 2167 1638 2248 omuibus,
1660 2192 1721 2256 que
1742 2168 1876 2254 requirit
1898 2167 2036 2233 mundus
2059 2171 2127 2234 iste.

554 2300 583 2352 te
726 2287 778 2351 De
800 2287 949 2351 Samaria
976 2298 1112 2372 quatuor
1141 2286 1240 2351 leucis
1269 2297 1383 2349 contra
1413 2287 1569 2350 orientem
1604 2285 1666 2348 sita
1694 2296 1743 2348 est
1767 2285 1953 2361 Ther-sa³⁵²)
1975 2286 2090 2350 ciuitas
2108 2287 2144 2350 in
2165 2298 2271 2350 monte

602 2401 677 2466 alto.
720 2402 756 2466 ln
787 2425 849 2488 qua
878 2425 970 2488 reges
992 2401 1095 2467 lsrael
1125 2413 1199 2466 urite
1227 2403 1497 2465 constructionem
1523 2401 1671 2466 Samaria
1692 2398 1858 2485 aliquanto
1879 2410 2025 2486 tempore
2045 2416 2261 2486 regnauerunt

601 2515 645 2580 Et
666 2533 734 2581 erat
756 2519 788 2580 in
812 2529 897 2582 sorte
918 2519 1078 2582 Manasse.

553 2657 583 2706 19
728 2633 781 2697 De
803 2633 929 2698 Tharsa
965 2655 1023 2698 sex
1051 2633 1149 2698 leucis
1180 2645 1291 2696 contra
1315 2634 1470 2696 orientem
1498 2635 1530 2695 in
1557 2632 1626 2711 uia,
1659 2653 1723 2718 qua
1749 2631 1815 2694 itur
1836 2631 1878 2694 ad
1898 2632 2084 2714 Iordanem,
2117 2643 2167 2698 est
2186 2647 2273 2698 terra

605 2749 810 2828 raptare,
839 2773 900 2836 que
926 2753 1008 2814 intcr
1032 2763 1154 2814 ceteros
1183 2761 1308 2812 ruentes
1337 2747 1436 2812 babet
1467 2769 1566 2811 uuum
1594 2745 1690 2810 ualde
1719 2746 1827 2811 altum.
1870 2747 1941 2810 Hac
1968 2746 2113 2812 similiter
2144 2751 2205 2814 tiiit
2233 2747 2272 2812 de

602 2875 688 2928 sorte
711 2863 872 2946 Manassa
894 2879 925 2928 et
947 2864 1151 2952 protenditur
1171 2887 1273 2950 usque
1295 2863 1337 2927 ad
1357 2865 1551 2949 campestria
1573 2862 1723 2928 Iordanis
1746 2875 1858 2927 contra
1879 2863 2100 2928 Macherunta

551 3007 582 3058 20
724 2979 776 3044 De
799 2979 947 3044 Samaria
971 2981 1094 3045 duabus
1117 2981 1215 3044 leucis
1239 2989 1351 3043 contra
1374 2993 1518 3043 austrum
1538 2983 1630 3043 iuxta
1651 2981 1748 3059 uiam,
1771 3001 1833 3065 que
1853 2979 1941 3044 ducit
1955 2979 2094 3061 Sichem,
2116 2982 2150 3046 in
2164 2995 2270 3046 monte

600 3093 664 3159 alto
687 3095 729 3160 ad
751 3095 899 3160 dextram
923 3107 972 3160 est
994 3101 1098 3159 Betket
1118 3118 1218 3176 mous,
1240 3097 1357 3180 inquo
1379 3095 1558 3165 leroboam
1580 3094 1664 3160 filius
1686 3094 1831 3175 babath,
1853 3097 1959 3181 posuit
1979 3118 2078 3160 unum
2099 3095 2139 3160 de
2160 3096 2268 3160 uitalis

601 3213 718 3292 aureis,
742 3211 856 3296 quibus
879 3233 1015 3297 peccare
1037 3212 1112 3276 fecit
1133 3209 1312 3286 lsrael³⁶⁴).
1357 3211 1530 3274 Sarraceni
1552 3221 1703 3298 corrupte
1725 3210 1892 3297 appellant
1918 3210 2024 3276 locum
2044 3212 2140 3276 istum
2162 3215 2269 3280 Borea

599 3328 779 3391 nescientes
802 3327 908 3390 dicere
930 3326 1050 3392 Betbel.

550 3468 580 3518 21
724 3441 804 3506 lude
835 3443 876 3506 ad
906 3441 1073 3508 dimidiam
1100 3443 1223 3506 leucam
1253 3441 1293 3506 ad
1326 3444 1489 3506 sinistram
1510 3465 1608 3528 super
1632 3444 1719 3508 uiam
1742 3453 1790 3505 est
1811 3441 1894 3505 alius
1916 3463 2008 3504 urens
2029 3439 2130 3507 alcior
2151 3445 2269 3528 priore,

601 3559 655 3644 qui
677 3567 811 3621 uocatur
833 3561 906 3618 Dan
921 3559 995 3636 ³⁵⁵),
1025 3580 1123 3643 supra
1147 3559 1308 3622 ciuitatem
1332 3557 1478 3639 Sichem,
1500 3558 1619 3645 inquo
1642 3558 1751 3622 dicunt
1772 3557 1919 3644 quidam,
1942 3555 2028 3643 quod
2050 3557 2133 3622 alius
2152 3556 2270 3622 uitulus

602 3695 718 3736 aureus
740 3672 864 3758 positus
885 3673 990 3754 fuerit,
1014 3673 1071 3738 sed
1093 3673 1224 3760 quidam
1247 3674 1366 3755 dicunt,
1389 3672 1475 3761 quod
1497 3676 1530 3738 in
1553 3678 1673 3736 ciuitate
1686 3673 1843 3754 Dasea),
1866 3695 1927 3758 que
1947 3695 2032 3736 nuuc
2051 3673 2182 3737 Belinas
2205 3674 2272 3737 siue

601 3787 743 3852 Cesarea
765 3788 908 3875 Philippi
929 3801 1071 3854 uocatam.
1113 3789 1156 3854 Et
1176 3789 1237 3854 hoc
1258 3788 1386 3854 uidetur
1407 3790 1655 3868 Ierorrimus³⁵³)
1676 3791 1789 3875 pocius
1810 3788 1901 3854 uelle.
1944 3787 2055 3875 Eligat
2076 3791 2163 3876 quis,
2185 3788 2269 3876 quod

601 3901 748 3984 uoluerit,
774 3915 895 3968 certum
918 3917 1025 3970 tamen
1047 3915 1113 3986 est,
1133 3905 1217 3990 quod
1238 3929 1329 3970 nrons
1351 3909 1412 3969 iste
1432 3905 1508 3969 Dan
1527 3918 1668 3968 uocatur.

550 4031 581 4084 22
723 4020 811 4083 later
832 4021 910 4084 istos
934 4020 1014 4086 duos
1037 4032 1161 4085 montes
1184 4023 1247 4084 sita
1268 4031 1316 4085 est
1335 4023 1450 4085 ciuitas
1473 4021 1665 4098 Sictem³⁵⁶)‚
1687 4019 1783 4086 hodie
1804 4025 1949 4100 Neapolis
1970 4020 2073 4100 dicta,
2096 4020 2270 4084 amenitate

600 4136 699 4199 nimia
722 4145 753 4200 et
776 4134 900 4200 deliciis
922 4135 1123 4220 habundans,
1148 4137 1205 4202 sed
1227 4140 1349 4202 munita
1368 4161 1432 4202 nou
1455 4150 1512 4217 est,
1534 4158 1593 4202 ncc
1615 4136 1733 4200 muniri
1755 4149 1863 4223 potest
1883 4135 1948 4201 ullo
1970 4137 2077 4213 modo,
2101 4159 2159 4200 uec
2182 4135 2269 4200 aliud

667 4301 694 4368 a)
712 4316 767 4352 aaa
784 4298 857 4352 iusto
877 4301 915 4355 St.
934 4319 1004 4354 atriae
1024 4301 1094 4355 iusto
1111 4299 1136 4354 h,
1160 4331 1190 4340 -
1210 4300 1239 4372 b)
1256 4302 1437 4372 antipatriam
1457 4299 1497 4354 St.

661 4439 730 4510 352)
757 4438 880 4514 Tharsa]
909 4441 1028 4518 antiqua
1060 4439 1211 4512 Thirzab‚
1243 4439 1278 4498 cl.
1307 4440 1414 4499 Iosuae
1457 4448 1486 4497 et
1509 4439 1649 4518 imprimis
1670 4439 1764 4498 Ritter
1783 4437 1869 4497 XVI.
1892 4442 1964 4512 642,
1990 4436 2040 4497 ubi
2066 4439 2184 4496 nouriua
2206 4439 2269 4496 Luz

599 4534 671 4594 ΧΠ,
702 4541 748 4596 rt.
792 4535 839 4594 De
869 4536 924 4596 boc
950 4537 1112 4598 Burchardi
1138 4539 1201 4598 loco
1231 4539 1416 4616 singulariter
1457 4547 1486 4596 et
1519 4537 1622 4596 Betbel
1658 4539 1777 4616 regione
1812 4535 1931 4603 cadem.
1969 4557 2057 4616 quam
2084 4535 2271 4596 Burcbardus

600 4633 728 4712 disputat
744 4633 964 4694 Vandeveldius
979 4635 1102 4695 Memoir
1117 4658 1145 4716 p.
1164 4642 1231 4710 353,
1249 4637 1298 4716 qui
1314 4637 1416 4696 Tarra
1457 4634 1564 4694 adiisse
1585 4635 1713 4707 videtur,
1734 4635 1887 4696 Wilsonus
1908 4634 2057 4695 audivisse
2078 4635 2189 4696 dicitur.

599 4732 699 4791 villam
728 4731 824 4791 adhuc
852 4735 974 4792 inveniri
998 4733 1096 4804 docet,
1123 4755 1298 4815 quamquam
1321 4738 1351 4795 in
1373 4747 1416 4795 ta·
1521 4763 1589 4832 355)
1618 4760 1668 4836 qm·
1701 4768 1828 4818 uocatur
1860 4759 1941 4835 Dan]
1982 4757 2152 4834 Quaeritur,
2185 4780 2269 4840 quem

599 4831 669 4890 blla
697 4851 750 4890 ⁵¹²³
775 4831 972 4910 sse⁰gfflpl¹l⁰³
997 4845 1141 4893 fecenlem
1164 4833 1329 4894 Thsslfisam
1351 4855 1416 4894 Μ
1458 4866 1587 4915 montem
1615 4855 1917 4918 dicatBurchardus?
1939 4878 2054 4938 quoque
2084 4877 2173 4917 seusu
2198 4860 2271 4918 acci·

601 4929 714 4988 Thlm
737 4932 892 5009 ⁰⁰¹¹¹P⁰¹¹lh
934 4929 980 4992 Cf·
1004 4953 1030 4990 V·
1052 4933 1180 4992 Raumel
1201 4955 1228 5012 P·
1254 4939 1318 4994 ¹49·
1458 4955 1567 5035 pienda
1589 4958 1647 5014 sint
1667 4957 1758 5017 verba
1780 4976 1874 5032 supra
1899 4957 2046 5014 ciuitatem
2068 4957 2202 5015 Sichem!

663 5031 732 5102 353)
757 5037 840 5087 terra
873 5031 1003 5106 Taphuel
1036 5030 1081 5142 lm
1112 5052 1187 5111 quae
1214 5034 1417 5092 annmvimus
1521 5084 1591 5152 356)
1622 5081 1742 5138 ciuitate
1767 5080 1847 5156 Dan]
1876 5079 1964 5138 Hauc
1988 5099 2065 5139 rruuc
2096 5101 2188 5160 prope
2215 5082 2270 5140 Ba-

601 5147 690 5205 supra
728 5147 847 5186 numero
887 5131 954 5188 241.
1011 5128 1139 5188 Ritterus
1175 5129 1237 5188 XV
1270 5137 1321 5205 (1).
1358 5138 1416 5192 474
1483 5180 1488 5193 .

600 5245 753 5304 perperam
782 5227 854 5304 legit
883 5229 1025 5302 Thaplme
1055 5249 1107 5307 pro
1140 5231 1280 5305 Thaphue
1309 5253 1332 5290 s·
1358 5234 1416 5288 Ta·
1460 5200 1523 5239 uras
1556 5180 1585 5238 in
1609 5179 1678 5238 'rell
1711 5178 1841 5238 ‹at-Kato
1870 5179 2016 5238 iuvenisse
2045 5177 2100 5238 sibi
2129 5179 2270 5242 videntur.

596 5325 685 5398 phu&
741 5324 864 5384 Campus
897 5345 915 5383 a
943 5325 1071 5385 Raumffl,
1099 5348 1126 5406 p·
1160 5333 1214 5389 ¹49
1243 5339 1312 5389 nota
1337 5337 1417 5391 ¹400
1460 5275 1547 5389 Quod
1570 5299 1659 5358 quum
1680 5280 1720 5336 ita
1742 5279 1787 5347 sit,
1808 5280 1915 5337 erravit
1935 5279 2058 5337 fortasse
2078 5277 2272 5351 Burcbardus,

602 5421 762 5481 Bumhardi
784 5425 874 5484 verba
896 5433 1107 5484 commentatur
1459 5397 1540 5436 curus
1558 5378 1703 5438 sententia
1724 5376 1793 5435 Dan
1813 5377 1842 5434 iu
1865 5377 1961 5456 ipsum
1982 5377 2099 5436 Beliuas
2128 5379 2272 5438 convenit.

664 5524 734 5596 354)
758 5524 862 5582 Belpep
883 5557 922 5568 -
937 5526 1014 5597 fecit
1035 5525 1144 5600 lsrael]
1167 5523 1204 5586 v·
1220 5527 1267 5586 ΠΙ
1288 5528 1327 5596 (13
1344 5527 1417 5605 Reg-
1521 5505 1591 5574 357)
1624 5500 1798 5575 Ierottt'mua]
1834 5497 1870 5559 V.
1905 5498 1934 5560 S.
1966 5499 2141 5579 Hieronymi
2171 5520 2270 5579 opera,

600 5619 673 5679 xpp·
700 5625 748 5680 23·
778 5625 825 5682 29.
877 5621 956 5682 Urbs
985 5623 1088 5682 Bothe]
1118 5645 1195 5684 nunc
1222 5625 1321 5684 Bestia
1352 5645 1416 5685 esse
1459 5597 1537 5658 edita
1558 5599 1650 5660 Paris.
1675 5605 1769 5670 1704,
1797 5608 1875 5656 tomo
1898 5599 1945 5657 111
1975 5619 2003 5677 p.
2028 5604 2103 5660 1444
2128 5600 2157 5658 in
2180 5601 2270 5658 Ainos

602 5718 701 5790 fertur,
721 5737 807 5797 quam
829 5731 927 5779 tamen
949 5721 977 5782 h.
1000 5722 1018 5780 l.
1040 5707 1098 5782 nori
1118 5723 1173 5783 dici
1196 5735 1327 5804 apparet
1365 5725 1416 5782 llt-
1458 5697 1624 5776 Pml'hotae
1642 5706 1730 5776 capnt
1752 5697 1829 5756 vm
1851 5718 1878 5756 γ’
1903 5702 1948 5758 ¹3·
1971 5702 2017 5758 ¹4·

601 5819 678 5876 euim
700 5816 861 5875 Burchardi
892 5839 975 5878 mons
997 5821 1100 5881 Bethel
1127 5843 1228 5901 supra,
1256 5843 1315 5882 non
1340 5823 1416 5882 infra
1521 5824 1592 5893 358)
1615 5821 1736 5897 Sichem]
1759 5819 1868 5880 Videas
1890 5818 1988 5877 Caroli
2008 5819 2167 5881 aRnumer
2188 5840 2268 5900 egre-

600 5935 700 5975 recens
729 5915 862 5976 Nabulus
900 5918 1089 5996 investigetur
1122 5941 1241 5981 necesse
1270 5933 1321 5981 est.
1370 5920 1416 5980 cf.
1457 5922 1535 5998 giam
1565 5920 1601 5978 de
1628 5920 1683 5978 hac
1716 5920 1788 5979 urbe
1817 5919 2091 5977 commentationem
2120 5942 2146 5999 p.
2172 5927 2270 5981 144-

601 6014 753 6074 Robinson
775 6015 837 6073 Pal.
862 6015 900 6076 Il.
925 6020 982 6078 339
1007 6037 1063 6096 sq.‚
1094 6041 1121 6079 v.
1144 6019 1272 6079 Raumer
1297 6041 1326 6099 p.
1351 6025 1415 6095 161,
1462 6024 1516 6082 118
1536 6033 1565 6078 et
1587 6019 1649 6078 eius
1669 6019 1799 6079 tabulam
1819 6036 1917 6094 geogr.
