5284 7042
1211 744 1251 804 93

393 932 500 1005 potest
528 916 722 1005 dispensari.
766 922 801 982 si
824 942 908 983 uxor
926 920 994 983 sius
1017 918 1232 998 adulterata·)
1249 922 1364 1001 fucrit,
1385 920 1537 985 sacerdos
1560 935 1616 985 sut
1638 921 1832 1005 continebit,
1855 933 1943 999 anth)
1965 922 2063 988 eccle·

389 1035 472 1097 siam
497 1048 529 1097 ct
550 1036 692 1099 officinm
716 1034 841 1121 perdet,
863 1056 947 1098 uxor
968 1056 1045 1099 uero
1067 1058 1181 1101 nasum
1203 1035 1338 1124 perdet,
1362 1048 1393 1101 et
1413 1036 1473 1117 uir,
1497 1038 1551 1125 qui
1572 1058 1645 1101 cum
1669 1060 1707 1101 en
1731 1038 1918 1121 concubuit,
1941 1052 2063 1105 castra·

389 1148 492 1220 bitur,
510 1151 659 1237 quamuis
681 1151 784 1215 eciam
806 1150 902 1214 fuerit
923 1163 1090 1217 uxoratus.
1131 1152 1223 1217 Istud
1242 1152 1364 1217 facturn
1386 1152 1447 1217 fuit
1468 1174 1518 1217 mo
1541 1168 1700 1239 presente.
1743 1154 1872 1219 Mortuo
1894 1152 2063 1219 sacerdote

390 1286 475 1330 uxor
506 1265 691 1331 continebit
734 1266 767 1329 Si
795 1268 1012 1347 contraxerit,
1039 1270 1114 1353 igne
1144 1267 1361 1349 cremabitur,
1389 1270 1416 1331 si
1435 1270 1591 1333 meretrix
1618 1270 1714 1334 inerit
1735 1270 1836 1351 sacta,
1867 1270 1965 1335 nichil
1988 1270 2064 1335 ntuli

390 1382 543 1467 pacietur.
588 1382 631 1446 Et
663 1392 712 1445 est
742 1402 859 1445 tronum
890 1393 1043 1447 statutum
1076 1382 1165 1471 opud
1192 1408 1265 1449 cos:
1299 1384 1460 1449 Sacerdos
1490 1384 1664 1449 secundum
1694 1384 1876 1471 apostolum
1905 1388 2064 1469 uirginem

391 1496 486 1562 ducet
512 1520 659 1563 uxorem.
688 1533 727 1543 -
757 1496 948 1561 Sacerdotes
974 1500 1200 1563 Armeniorum
1226 1512 1259 1563 et
1286 1500 1547 1585 Georgiunorum
1580 1500 1806 1566 discernuntur
1836 1524 1856 1565 u
1884 1498 1979 1583 uulgo
2007 1524 2065 1587 per

390 1636 532 1700 pannum
554 1612 662 1677 album
682 1612 811 1693 lineum,
835 1635 930 1702 quem
950 1613 1154 1679 circumdant
1174 1614 1317 1702 scopulis
1340 1628 1372 1679 et
1393 1616 1484 1681 eollo,

515 1752 634 1828 Fures,
666 1756 721 1841 qui
753 1754 879 1817 minora
907 1754 993 1819 lhrtn
1017 1754 1235 1837 committunt,
1268 1755 1319 1819 nel
1344 1756 1568 1821 malefactores
1594 1756 1650 1822 alii
1673 1758 1907 1823 committentes
1930 1760 2064 1821 crimino
2085 1770 2116 1819 to

390 1870 516 1933 minora
537 1880 738 1949 castrantur,
766 1892 807 1931 uo
834 1867 918 1933 tilios
939 1880 1095 1953 generent
1116 1883 1325 1955 paternorum
1346 1874 1516 1938 criminum
1539 1874 1726 1939 imitatores.
1769 1872 1811 1935 Et
1838 1874 1965 1937 uidetur
1986 1872 2065 1937 milri

390 2008 462 2047 esse
483 2008 548 2049 nna
569 2010 676 2066 causo,
699 2007 799 2073 quare
821 1996 867 2049 tot
889 1988 1074 2050 meretrices
1098 1998 1169 2049 sttttt
1192 1985 1254 2051 ibi:
1277 1987 1367 2051 multi
1390 1990 1476 2053 enim
1493 2000 1566 2053 sunt
1585 1988 1630 2053 ibi
1648 1988 1795 2069 eunuchi,
1817 2002 1847 2051 ct
1863 2011 1973 2053 omnes
1991 2004 2065 2053 sunt

390 2100 502 2165 famuli
524 2100 679 2165 nobilium
701 2098 880 2179 mulierum,
902 2113 933 2163 ot
955 2100 1063 2179 credo,
1085 2100 1170 2187 quod
1192 2104 1306 2184 regino
1328 2105 1481 2168 Armenio
1504 2105 1612 2191 plures
1635 2128 1729 2191 qutun
1750 2104 1809 2169 XL
1834 2102 1946 2169 hahuit
1969 2128 2065 2169 ennu-

391 2214 484 2286 chos,
514 2216 644 2302 qnando
673 2238 761 2279 eram
790 2214 878 2301 opud
906 2237 984 2279 emu.
1028 2217 1094 2281 Nee
1121 2216 1227 2281 nullus
1257 2218 1438 2302 ingreditur
1465 2220 1507 2283 ud
1541 2242 1610 2283 earu
1634 2220 1811 2299 trsnseulus,
1845 2220 1905 2283 nisi
1927 2220 1967 2283 dc
1990 2244 2066 2303 rege

390 2328 529 2395 licencia
554 2331 698 2417 speeiuli.
741 2332 806 2412 Qui
834 2330 935 2395 ceiam
965 2332 1145 2397 eunuchum
1173 2334 1313 2421 aliquem
1344 2358 1384 2399 cx
1416 2338 1543 2401 nomine
1566 2337 1725 2419 ussiguut,
1754 2336 1807 2421 qui
1832 2334 2065 2420 ingredientem

392 2446 562 2511 conducat.
604 2446 761 2512 sinuliter
782 2448 817 2511 fit
838 2446 878 2511 dc
901 2446 1049 2511 omnihus
1071 2447 1233 2513 nohilihns
1254 2450 1454 2524 mulieribus,
1476 2466 1506 2515 et
1529 2452 1635 2515 uiduis
1655 2466 1685 2515 et
1707 2452 1874 2515 mutitatis.

518 2586 624 2669 Reges
645 2601 676 2651 et
699 2588 863 2674 principes
888 2602 917 2649 et
941 2610 1051 2651 omnes
1074 2588 1197 2653 nobiles
1220 2590 1355 2654 audiunt
1377 2588 1586 2655 libentissime
1611 2590 1745 2655 tterhtuu
1768 2590 1840 2655 lte-i.
1886 2590 1978 2655 l'ude
2001 2606 2065 2655 eot·
2087 2606 2112 2657 n

393 2702 473 2767 tidie
499 2704 541 2767 ad
569 2702 680 2768 horam
704 2705 836 2767 tercium
859 2702 1041 2767 uerthubite
1068 2706 1138 2769 uiue
1166 2706 1316 2769 utonnclri
1344 2707 1465 2771 enriatu
1497 2708 1583 2788 regis
1615 2708 1683 2771 sine
1709 2708 1901 2795 prieuipiso
1930 2706 2065 2771 alicuius

394 2817 531 2890 adeunt.
561 2820 604 2885 acl
625 2843 708 2904 sputos
730 2820 838 2884 atatim
861 2818 1018 2883 accedunt
1047 2820 1211 2907 principes
1239 2822 1302 2907 ipsi
1326 2820 1375 2885 nel
1399 2810 1519 2887 domini
1541 2845 1611 2887 curu
1636 2822 1709 2887 liliis
1731 2826 1796 2887 suis
1819 2838 1848 2887 et
1873 2822 2066 2910 potentibus.

393 2934 578 3023 Apponitur
605 2932 688 2999 liber
716 2933 833 3021 aliquis
861 2934 1029 3021 scripture.
1074 2934 1113 2998 Et
1138 2934 1255 3018 legitur
1276 2960 1386 3001 coram
1410 2940 1509 3002 eisin
1532 2938 1676 3021 uulgari,
1705 2940 1781 3027 quio
1804 2938 1946 3021 liugunm
1969 2938 2065 3002 ulium

394 3052 551 3124 nesciunt,
572 3068 604 3115 et
625 3052 799 3138 exponitur
821 3052 867 3113 eis
889 3059 996 3113 textus
1019 3074 1039 3113 n
1060 3052 1241 3131 tuounchiu,
1264 3065 1297 3115 et
1318 3051 1498 3141 ubicunqne
1522 3053 1672 3119 tluhitnnt
1694 3052 1853 3117 secttlures
1875 3070 1904 3117 et
1928 3056 2064 3139 qtuetio·

393 3189 450 3231 nes
483 3181 628 3247 mouent,
665 3191 685 3229 s
721 3166 886 3229 monachis
918 3167 1120 3231 instruuntur
1154 3168 1329 3232 secundum
1364 3166 1451 3233 dictu
1485 3184 1679 3234 setin-torum.
1738 3170 1874 3251 Quesiui
1910 3170 1951 3233 uh
1986 3172 2066 3256 ipsis

394 3282 577 3363 monachis,
605 3306 685 3369 quos
717 3280 867 3345 doctores
894 3283 1034 3346 maxime
1063 3287 1300 3369 serptercutur?
1333 3298 1363 3347 et
1384 3284 1551 3366 dixerunt,
1579 3286 1663 3371 quod
1691 3288 1774 3351 inter
1796 3288 1970 3373 precipuos
1994 3302 2067 3349 sunt

392 3400 463 3465 isti:
485 3399 644 3464 Iohannes
667 3396 928 3483 Chrysostomns,
950 3397 1130 3481 Gregorius
1151 3400 1391 3478 Nuaiuncenns,
1420 3400 1563 3485 Cyrillus
1585 3400 1835 3469 Alexandrinus.
1859 3442 1897 3453 -
1932 3400 2066 3467 Multum

394 3515 503 3580 deuoti
536 3528 612 3579 sunt
643 3516 675 3577 in
703 3512 839 3577 ecclesia
866 3523 898 3576 et
930 3512 1039 3577 cleriei
1061 3528 1092 3577 et
1114 3514 1206 3597 laici,
1237 3527 1270 3579 et
1289 3514 1389 3579 nichil
1413 3514 1457 3579 ihi
1479 3518 1600 3580 liniunt
1630 3520 1691 3581 nisi
1715 3518 1800 3603 qnod
1820 3534 1875 3581 nut
1897 3531 1990 3583 ornut
2012 3532 2066 3581 aut

394 3645 526 3695 cantant
547 3642 603 3695 aut
624 3644 732 3695 cetero
753 3632 891 3709 liniunt,
919 3652 981 3716 que
1006 3628 1047 3693 de
1073 3633 1143 3694 iure
1171 3630 1216 3697 ihi
1239 3632 1309 3697 lieri
1332 3631 1460 3696 dehent.
1504 3632 1674 3719 Nunquam
1697 3632 1837 3697 uidimus
1865 3634 2004 3721 uliquem
2034 3636 2066 3697 in

393 3746 531 3811 ecclesis
553 3744 659 3811 ridere
680 3746 731 3809 nel
753 3744 950 3810 dissolutum.

518 3879 669 3943 ttsficium
691 3882 788 3943 ntisse
810 3878 961 3942 deuotum
982 3890 1032 3941 eat
1052 3878 1141 3965 apud
1162 3904 1227 3944 cos.
1263 3878 1360 3946 Calix
1382 3880 1424 3945 ad
1446 3882 1609 3945 sinistrnru
1632 3880 1745 3946 altaris
1768 3883 1800 3945 in
1822 3904 1914 3945 tuuro
1937 3882 1969 3945 in
1994 3879 2065 3945 loco

393 3993 436 4060 ad
457 3993 517 4059 hoe
538 3996 641 4073 sacto,
673 4016 767 4081 quem
795 3992 839 4057 nd
860 3994 1057 4057 offertorium
1081 3994 1236 4060 &neonus
1256 4018 1329 4060 curn
1351 4019 1459 4083 panno
1480 3998 1582 4059 serico
1606 3999 1752 4085 precioso
1774 4010 1959 4061 reuerenter
1980 3995 2066 4060 leuat

392 4134 492 4197 super
516 4125 614 4197 ceput
644 4132 753 4187 strum,
781 4107 973 4195 procedente
1000 4132 1073 4173 cnm
1100 4110 1298 4177 sithdiucono
1320 4134 1392 4175 cum
1415 4111 1572 4192 turihulo,
1602 4127 1632 4177 et
1661 4111 1786 4177 duolrus
1809 4112 1967 4177 acoluthis
1991 4134 2062 4177 cunt

393 4228 497 4292 cereis
530 4227 634 4289 eciam
667 4222 888 4288 incedentibus
921 4234 1099 4289 retrorsum
1126 4242 1245 4313 gyrent
1276 4226 1379 4291 altore
1413 4226 1455 4291 utl
1485 4226 1636 4293 dextram
1663 4228 1793 4310 ultoris,
1827 4242 1858 4291 et
1887 4242 1962 4291 tuno
1992 4252 2063 4291 enus

393 4343 528 4429 suscipit
552 4342 724 4429 episctrpus
746 4355 931 4404 renerentcr
953 4352 984 4403 et
1005 4342 1100 4405 oll'ert
1120 4364 1192 4405 enm
1215 4344 1295 4407 sieut
1318 4356 1350 4407 et
1372 4344 1474 4407 nostri
1497 4346 1618 4409 sacinnt
1643 4344 1838 4409 secerdotes.
1881 4342 1956 4407 Duo
1979 4358 2064 4407 strant

393 4480 466 4521 euru
488 4458 591 4521 cereis
612 4457 757 4520 accensis
779 4472 865 4519 retro
888 4456 1088 4522 sacerdotem
1109 4458 1195 4521 infru
1217 4480 1387 4539 canonem,
1418 4472 1449 4523 et
1471 4460 1563 4523 iuxta
1585 4486 1639 4523 eos
1662 4458 1726 4523 dno
1748 4482 1821 4523 entn
1844 4458 1992 4523 turibulis
2019 4460 2064 4523 in·

393 4570 462 4637 duri
488 4571 582 4635 alhis.
626 4570 700 4635 Duo
729 4594 805 4635 uero
836 4570 964 4637 diaconi
992 4586 1076 4637 stant
1103 4574 1137 4637 in
1166 4572 1323 4637 lateribus
1353 4572 1464 4639 altaris
1488 4598 1507 4639 a
1530 4576 1654 4641 deutris
1681 4590 1711 4638 et
1737 4576 1894 4657 sinistris,
1924 4574 2063 4663 complo-

392 4688 470 4753 υἱώ
493 4686 642 4751 manibus
662 4684 776 4749 deuote
797 4700 937 4769 orarstcs,
960 4692 1064 4753 uersis
1087 4688 1229 4753 uultibus
1251 4688 1294 4753 ud
1316 4712 1435 4777 corpus
1453 4690 1575 4756 Christi
1599 4690 1769 4755 rnelodinru
1791 4690 1954 4778 quondum
1971 4689 2065 4754 ualde

392 4802 543 4868 deuotam
570 4814 601 4864 et
630 4801 756 4866 dulcem
779 4814 946 4867 cantantes
968 4819 1000 4866 et
1019 4804 1081 4869 sibi
1104 4804 1295 4870 altrinsecus
1317 4804 1562 4893 respondentes.
1607 4806 1696 4871 lstutl
1725 4808 1794 4869 sine
1825 4804 1923 4870 duhio
1955 4806 2065 4869 uidero

392 4930 424 4982 et
446 4916 559 4983 audire
581 4916 823 4983 deuotissituutn
846 4930 903 4983 est.

520 5048 623 5113 hlnltn
654 5048 720 5113 alia
752 5047 819 5113 nidi
852 5052 885 5115 in
913 5061 1001 5115 terra
1027 5050 1083 5115 illu
1110 5062 1176 5115 tam
1206 5054 1239 5114 in
1269 5052 1377 5135 laicis,
1404 5076 1501 5141 quam
1531 5056 1563 5117 in
1592 5054 1717 5119 clericis
1739 5071 1769 5118 et
1791 5052 1957 5119 monnclris
1979 5078 2064 5119 com·

392 5164 591 5231 menosbitio
612 5157 725 5242 ualde,
748 5190 810 5251 que
830 5166 886 5229 nix
908 5168 941 5230 in
964 5181 1051 5229 terra
1072 5180 1184 5230 nostra
1205 5168 1275 5230 lieri
1295 5168 1513 5235 crederentur.

518 5296 673 5362 Transisti
706 5310 807 5363 totum
844 5311 963 5362 terrum
993 5296 1080 5363 illam
1108 5322 1210 5385 usquc
1238 5298 1484 5385 Cappadociam
1512 5318 1540 5363 et
1568 5300 1748 5366 Seleuciam
1782 5302 1994 5370 maritimum.
2034 5318 2064 5361 et
2086 5312 2115 5361 tt

392 5412 468 5477 inde
497 5414 652 5499 nauignui
674 5412 835 5499 Cyprum.
861 5430 893 5477 et
921 5412 1144 5501 pernmhulani
1174 5438 1234 5501 pro
1261 5438 1379 5499 magna
1410 5430 1503 5501 parte
1531 5418 1705 5498 regionem.
1749 5416 1827 5481 Inde
1856 5418 2009 5500 nuuipuni
2032 5418 2063 5481 iu

392 5530 523 5615 Syriam
545 5546 577 5593 ct
598 5530 672 5593 neni
694 5528 834 5615 Tyrum,
864 5540 895 5593 et
918 5543 991 5617 post
1012 5528 1082 5593 dies
1104 5528 1229 5617 aliquot
1250 5530 1325 5593 inde
1346 5534 1505 5615 nauigans
1535 5554 1594 5619 per
1617 5532 1704 5597 littus
1729 5532 1890 5597 l‘olestim·
1912 5554 1968 5597 seu
1992 5532 2062 5597 l'hi·

392 5642 502 5708 listiim
526 5648 721 5731 pertransiui
743 5644 924 5731 Cnyphum,
946 5659 1086 5709 numtem
1107 5644 1302 5726 Carmelum,
1327 5644 1468 5716 Duram.
1491 5650 1665 5711 l'esnreuut
1689 5646 1860 5716 l'ulestine.
1884 5648 2063 5734 Antipntri·

392 5758 486 5832 dam,
517 5757 658 5845 ioppen,
680 5760 854 5840 lumniam,
875 5760 1039 5839 Accaron,
1060 5761 1217 5830 Azottmt,
1239 5760 1450 5837 Ascalonem,
1477 5766 1618 5844 (luzum,
1641 5764 1803 5827 desertum
1827 5778 1927 5829 toturn
1952 5784 2063 5825 areno-

459 5954 486 6001 ι)
504 5938 630 5993 Mem
649 5944 687 5995 St.
712 5940 869 5993 mutaturam
887 5938 913 5993 h.
937 5971 968 5981 -
997 5940 1025 5998 b)
1042 5949 1091 5993 out
1107 5956 1161 5995 om.
1182 5942 1236 6006 St,
1261 5939 1379 5995 nabeth
1419 5976 1448 5985 -
1474 5963 1500 5997 c¹
1516 5945 1657 6013 principis
1674 5964 1728 5999 otu.
1746 5946 1798 6000 St.
1828 5944 1909 5995 hslrct
1928 5942 1953 5995 h.
1980 5972 2008 5981 -
2034 5942 2063 5993 tlt

526 6041 586 6075 mn
601 6022 692 6093 pluris
708 6026 740 6077 St
